%% This BibTeX bibliography file was created using BibDesk.
%% https://bibdesk.sourceforge.io/

%% Created for Matthew Johnson at 2021-10-01 11:52:57 -0400 


%% Saved with string encoding Unicode (UTF-8) 



@article{Elsner_2015,
	author = {Elsner, Franz and Leistedt, Boris and Peiris, Hiranya V.},
	date-added = {2021-09-29 14:39:54 -0400},
	date-modified = {2021-09-29 14:39:54 -0400},
	doi = {10.1093/mnras/stv2777},
	issn = {1365-2966},
	journal = {Monthly Notices of the Royal Astronomical Society},
	month = {Dec},
	number = {2},
	pages = {2095--2104},
	publisher = {Oxford University Press (OUP)},
	title = {Unbiased methods for removing systematics from galaxy clustering measurements},
	url = {http://dx.doi.org/10.1093/mnras/stv2777},
	volume = {456},
	year = {2015},
	Bdsk-Url-1 = {http://dx.doi.org/10.1093/mnras/stv2777}}

@article{Huterer_2013,
	author = {Huterer, Dragan and Cunha, Carlos E. and Fang, Wenjuan},
	date-added = {2021-09-29 11:47:59 -0400},
	date-modified = {2021-09-29 11:47:59 -0400},
	doi = {10.1093/mnras/stt653},
	issn = {1365-2966},
	journal = {Monthly Notices of the Royal Astronomical Society},
	month = {May},
	number = {4},
	pages = {2945--2961},
	publisher = {Oxford University Press (OUP)},
	title = {Calibration errors unleashed: effects on cosmological parameters and requirements for large-scale structure surveys},
	url = {http://dx.doi.org/10.1093/mnras/stt653},
	volume = {432},
	year = {2013},
	Bdsk-Url-1 = {http://dx.doi.org/10.1093/mnras/stt653}}

@article{PhysRevD.79.063008,
	author = {Miller, N. J. and Shimon, M. and Keating, B. G.},
	date-added = {2021-09-29 11:44:11 -0400},
	date-modified = {2021-09-29 11:44:11 -0400},
	doi = {10.1103/PhysRevD.79.063008},
	issue = {6},
	journal = {Phys. Rev. D},
	month = {Mar},
	numpages = {16},
	pages = {063008},
	publisher = {American Physical Society},
	title = {CMB beam systematics: Impact on lensing parameter estimation},
	url = {https://link.aps.org/doi/10.1103/PhysRevD.79.063008},
	volume = {79},
	year = {2009},
	Bdsk-Url-1 = {https://link.aps.org/doi/10.1103/PhysRevD.79.063008},
	Bdsk-Url-2 = {https://doi.org/10.1103/PhysRevD.79.063008}}

@article{Coulton_2020,
	author = {Coulton, William and Ota, Atsuhisa and van Engelen, Alexander},
	date-added = {2021-09-29 11:39:28 -0400},
	date-modified = {2021-09-29 11:39:28 -0400},
	doi = {10.1103/physrevlett.125.111301},
	issn = {1079-7114},
	journal = {Physical Review Letters},
	month = {Sep},
	number = {11},
	publisher = {American Physical Society (APS)},
	title = {Cosmology with the Thermal-Kinetic Sunyaev-Zel'dovich Effect},
	url = {http://dx.doi.org/10.1103/PhysRevLett.125.111301},
	volume = {125},
	year = {2020},
	Bdsk-Url-1 = {http://dx.doi.org/10.1103/PhysRevLett.125.111301},
	Bdsk-Url-2 = {http://dx.doi.org/10.1103/physrevlett.125.111301}}

@article{Nozawa_1998,
	author = {Nozawa, Satoshi and Itoh, Naoki and Kohyama, Yasuharu},
	date-added = {2021-09-29 11:38:57 -0400},
	date-modified = {2021-09-29 11:38:57 -0400},
	doi = {10.1086/306401},
	issn = {1538-4357},
	journal = {The Astrophysical Journal},
	month = {Nov},
	number = {1},
	pages = {17--24},
	publisher = {American Astronomical Society},
	title = {Relativistic Corrections to the Sunyaev‐Zeldovich Effect for Clusters of Galaxies. II. Inclusion of Peculiar Velocities},
	url = {http://dx.doi.org/10.1086/306401},
	volume = {508},
	year = {1998},
	Bdsk-Url-1 = {http://dx.doi.org/10.1086/306401}}

@article{Itoh_1998,
	author = {Itoh, Naoki and Kohyama, Yasuharu and Nozawa, Satoshi},
	date-added = {2021-09-29 11:38:12 -0400},
	date-modified = {2021-09-29 11:38:12 -0400},
	doi = {10.1086/305876},
	issn = {1538-4357},
	journal = {The Astrophysical Journal},
	month = {Jul},
	number = {1},
	pages = {7--15},
	publisher = {American Astronomical Society},
	title = {Relativistic Corrections to the Sunyaev‐Zeldovich Effect for Clusters of Galaxies},
	url = {http://dx.doi.org/10.1086/305876},
	volume = {502},
	year = {1998},
	Bdsk-Url-1 = {http://dx.doi.org/10.1086/305876}}

@article{Challinor_1999,
	author = {Challinor, Anthony and Lasenby, Anthony},
	date-added = {2021-09-29 11:37:35 -0400},
	date-modified = {2021-09-29 11:37:35 -0400},
	doi = {10.1086/306627},
	issn = {1538-4357},
	journal = {The Astrophysical Journal},
	month = {Jan},
	number = {2},
	pages = {930--933},
	publisher = {American Astronomical Society},
	title = {Comptonization of an Isotropic Distribution in Moving Media: Higher Order Effects},
	url = {http://dx.doi.org/10.1086/306627},
	volume = {510},
	year = {1999},
	Bdsk-Url-1 = {http://dx.doi.org/10.1086/306627}}

@article{Challinor_1998,
	author = {Challinor, Anthony and Lasenby, Anthony},
	date-added = {2021-09-29 11:36:52 -0400},
	date-modified = {2021-09-29 11:36:52 -0400},
	doi = {10.1086/305623},
	issn = {1538-4357},
	journal = {The Astrophysical Journal},
	month = {May},
	number = {1},
	pages = {1--6},
	publisher = {American Astronomical Society},
	title = {Relativistic Corrections to the Sunyaev‐Zeldovich Effect},
	url = {http://dx.doi.org/10.1086/305623},
	volume = {499},
	year = {1998},
	Bdsk-Url-1 = {http://dx.doi.org/10.1086/305623}}

@article{Yasini_2016,
	author = {Yasini, Siavash and Pierpaoli, Elena},
	date-added = {2021-09-29 11:30:39 -0400},
	date-modified = {2021-09-29 11:30:39 -0400},
	doi = {10.1103/physrevd.94.023513},
	issn = {2470-0029},
	journal = {Physical Review D},
	month = {Jul},
	number = {2},
	publisher = {American Physical Society (APS)},
	title = {Kinetic Sunyaev-Zeldovich effect in an anisotropic CMB model: Measuring low multipoles of the CMB at higher redshifts using intensity and polarization spectral distortions},
	url = {http://dx.doi.org/10.1103/PhysRevD.94.023513},
	volume = {94},
	year = {2016},
	Bdsk-Url-1 = {http://dx.doi.org/10.1103/PhysRevD.94.023513},
	Bdsk-Url-2 = {http://dx.doi.org/10.1103/physrevd.94.023513}}

@article{PhysRevD.65.103001,
	author = {Challinor, Anthony and van Leeuwen, Floor},
	date-added = {2021-09-29 11:27:52 -0400},
	date-modified = {2021-09-29 11:27:52 -0400},
	doi = {10.1103/PhysRevD.65.103001},
	issue = {10},
	journal = {Phys. Rev. D},
	month = {Apr},
	numpages = {13},
	pages = {103001},
	publisher = {American Physical Society},
	title = {Peculiar velocity effects in high-resolution microwave background experiments},
	url = {https://link.aps.org/doi/10.1103/PhysRevD.65.103001},
	volume = {65},
	year = {2002},
	Bdsk-Url-1 = {https://link.aps.org/doi/10.1103/PhysRevD.65.103001},
	Bdsk-Url-2 = {https://doi.org/10.1103/PhysRevD.65.103001}}

@article{Wright_2010,
	author = {Wright, Edward L. and Eisenhardt, Peter R. M. and Mainzer, Amy K. and Ressler, Michael E. and Cutri, Roc M. and Jarrett, Thomas and Kirkpatrick, J. Davy and Padgett, Deborah and McMillan, Robert S. and Skrutskie, Michael and et al.},
	date-added = {2021-09-28 15:45:52 -0400},
	date-modified = {2021-09-28 15:45:52 -0400},
	doi = {10.1088/0004-6256/140/6/1868},
	issn = {1538-3881},
	journal = {The Astronomical Journal},
	month = {Nov},
	number = {6},
	pages = {1868--1881},
	publisher = {American Astronomical Society},
	title = {THE WIDE-FIELD INFRARED SURVEY EXPLORER (WISE): MISSION DESCRIPTION AND INITIAL ON-ORBIT PERFORMANCE},
	url = {http://dx.doi.org/10.1088/0004-6256/140/6/1868},
	volume = {140},
	year = {2010},
	Bdsk-Url-1 = {http://dx.doi.org/10.1088/0004-6256/140/6/1868}}

@article{Schlafly_2019,
	author = {Schlafly, Edward F. and Meisner, Aaron M. and Green, Gregory M.},
	date-added = {2021-09-28 15:43:31 -0400},
	date-modified = {2021-09-28 15:43:31 -0400},
	doi = {10.3847/1538-4365/aafbea},
	issn = {1538-4365},
	journal = {The Astrophysical Journal Supplement Series},
	month = {Feb},
	number = {2},
	pages = {30},
	publisher = {American Astronomical Society},
	title = {The unWISE Catalog: Two Billion Infrared Sources from Five Years of WISE Imaging},
	url = {http://dx.doi.org/10.3847/1538-4365/aafbea},
	volume = {240},
	year = {2019},
	Bdsk-Url-1 = {http://dx.doi.org/10.3847/1538-4365/aafbea}}

@article{Krolewski:2019yrv,
	archiveprefix = {arXiv},
	author = {Krolewski, Alex and Ferraro, Simone and Schlafly, Edward F. and White, Martin},
	date-added = {2021-09-28 15:42:37 -0400},
	date-modified = {2021-09-28 15:42:37 -0400},
	doi = {10.1088/1475-7516/2020/05/047},
	eprint = {1909.07412},
	journal = {JCAP},
	pages = {047},
	primaryclass = {astro-ph.CO},
	title = {{unWISE tomography of Planck CMB lensing}},
	volume = {05},
	year = {2020},
	Bdsk-Url-1 = {https://doi.org/10.1088/1475-7516/2020/05/047}}

@article{Kusiak:2021hai,
	archiveprefix = {arXiv},
	author = {Kusiak, Aleksandra and Bolliet, Boris and Ferraro, Simone and Hill, J. Colin and Krolewski, Alex},
	date-added = {2021-09-28 14:39:33 -0400},
	date-modified = {2021-09-28 14:39:33 -0400},
	doi = {10.1103/PhysRevD.104.043518},
	eprint = {2102.01068},
	journal = {Phys. Rev. D},
	number = {4},
	pages = {043518},
	primaryclass = {astro-ph.CO},
	title = {{Constraining the baryon abundance with the kinematic Sunyaev-Zel\textquoteright{}dovich effect: Projected-field detection using Planck, WMAP, and unWISE}},
	volume = {104},
	year = {2021},
	Bdsk-Url-1 = {https://doi.org/10.1103/PhysRevD.104.043518}}

@article{Krolewski:2021yqy,
	archiveprefix = {arXiv},
	author = {Krolewski, Alex and Ferraro, Simone and White, Martin},
	date-added = {2021-09-28 14:39:11 -0400},
	date-modified = {2021-09-28 14:39:11 -0400},
	eprint = {2105.03421},
	month = {5},
	primaryclass = {astro-ph.CO},
	title = {{Cosmological constraints from unWISE and Planck CMB lensing tomography}},
	year = {2021}}

@article{2011PhRvD..84d3516C,
	adsnote = {Provided by the SAO/NASA Astrophysics Data System},
	adsurl = {https://ui.adsabs.harvard.edu/abs/2011PhRvD..84d3516C},
	archiveprefix = {arXiv},
	author = {{Challinor}, Anthony and {Lewis}, Antony},
	date-added = {2021-09-23 21:22:21 -0400},
	date-modified = {2021-09-23 21:22:21 -0400},
	doi = {10.1103/PhysRevD.84.043516},
	eid = {043516},
	eprint = {1105.5292},
	journal = {\prd},
	keywords = {98.80.-k, Cosmology, Astrophysics - Cosmology and Extragalactic Astrophysics},
	month = aug,
	number = {4},
	pages = {043516},
	primaryclass = {astro-ph.CO},
	title = {{Linear power spectrum of observed source number counts}},
	volume = {84},
	year = 2011,
	Bdsk-Url-1 = {https://doi.org/10.1103/PhysRevD.84.043516}}

@article{Tegmark:2003ve,
	archiveprefix = {arXiv},
	author = {Tegmark, Max and de Oliveira-Costa, Angelica and Hamilton, Andrew},
	date-added = {2021-09-23 14:22:40 -0400},
	date-modified = {2021-09-23 14:22:40 -0400},
	doi = {10.1103/PhysRevD.68.123523},
	eprint = {astro-ph/0302496},
	journal = {Phys. Rev. D},
	pages = {123523},
	title = {{A high resolution foreground cleaned CMB map from WMAP}},
	volume = {68},
	year = {2003},
	Bdsk-Url-1 = {https://doi.org/10.1103/PhysRevD.68.123523}}

@article{Mead:2015yca,
	archiveprefix = {arXiv},
	author = {Mead, Alexander and Peacock, John and Heymans, Catherine and Joudaki, Shahab and Heavens, Alan},
	date-added = {2021-09-22 10:32:19 -0400},
	date-modified = {2021-09-22 10:32:19 -0400},
	doi = {10.1093/mnras/stv2036},
	eprint = {1505.07833},
	journal = {Mon. Not. Roy. Astron. Soc.},
	number = {2},
	pages = {1958--1975},
	primaryclass = {astro-ph.CO},
	title = {{An accurate halo model for fitting non-linear cosmological power spectra and baryonic feedback models}},
	volume = {454},
	year = {2015},
	Bdsk-Url-1 = {https://doi.org/10.1093/mnras/stv2036}}

@article{2001MNRAS.327.1353K,
	adsnote = {Provided by the SAO/NASA Astrophysics Data System},
	adsurl = {https://ui.adsabs.harvard.edu/abs/2001MNRAS.327.1353K},
	archiveprefix = {arXiv},
	author = {{Komatsu}, E. and {Seljak}, U.},
	date-added = {2021-09-22 10:32:02 -0400},
	date-modified = {2021-09-22 10:32:02 -0400},
	doi = {10.1046/j.1365-8711.2001.04838.x},
	eprint = {astro-ph/0106151},
	journal = {\mnras},
	keywords = {GALAXIES: CLUSTERS: GENERAL, GALAXIES: HALOES, COSMOLOGY: THEORY, DARK MATTER, X-RAYS: GALAXIES, Astrophysics},
	month = nov,
	number = {4},
	pages = {1353-1366},
	primaryclass = {astro-ph},
	title = {{Universal gas density and temperature profile}},
	volume = {327},
	year = 2001,
	Bdsk-Url-1 = {https://doi.org/10.1046/j.1365-8711.2001.04838.x}}

@article{2016JCAP...08..058B,
	adsnote = {Provided by the SAO/NASA Astrophysics Data System},
	adsurl = {https://ui.adsabs.harvard.edu/abs/2016JCAP...08..058B},
	archiveprefix = {arXiv},
	author = {{Battaglia}, N.},
	date-added = {2021-09-22 10:30:15 -0400},
	date-modified = {2021-09-22 10:30:15 -0400},
	doi = {10.1088/1475-7516/2016/08/058},
	eid = {058},
	eprint = {1607.02442},
	journal = {\jcap},
	keywords = {Astrophysics - Cosmology and Nongalactic Astrophysics},
	month = aug,
	number = {8},
	pages = {058},
	primaryclass = {astro-ph.CO},
	title = {{The tau of galaxy clusters}},
	volume = {2016},
	year = 2016,
	Bdsk-Url-1 = {https://doi.org/10.1088/1475-7516/2016/08/058}}

@article{2008MNRAS.390L..64D,
	adsnote = {Provided by the SAO/NASA Astrophysics Data System},
	adsurl = {https://ui.adsabs.harvard.edu/abs/2008MNRAS.390L..64D},
	archiveprefix = {arXiv},
	author = {{Duffy}, Alan R. and {Schaye}, Joop and {Kay}, Scott T. and {Dalla Vecchia}, Claudio},
	date-added = {2021-09-22 10:29:44 -0400},
	date-modified = {2021-09-22 10:29:44 -0400},
	doi = {10.1111/j.1745-3933.2008.00537.x},
	eprint = {0804.2486},
	journal = {\mnras},
	keywords = {methods: N-body simulations, galaxies: clusters: general, galaxies: haloes, cosmological parameters, cosmology: theory, dark matter, Astrophysics},
	month = oct,
	number = {1},
	pages = {L64-L68},
	primaryclass = {astro-ph},
	title = {{Dark matter halo concentrations in the Wilkinson Microwave Anisotropy Probe year 5 cosmology}},
	volume = {390},
	year = 2008,
	Bdsk-Url-1 = {https://doi.org/10.1111/j.1745-3933.2008.00537.x}}

@article{1998ApJ...495...80B,
	adsnote = {Provided by the SAO/NASA Astrophysics Data System},
	adsurl = {https://ui.adsabs.harvard.edu/abs/1998ApJ...495...80B},
	archiveprefix = {arXiv},
	author = {{Bryan}, Greg L. and {Norman}, Michael L.},
	date-added = {2021-09-22 10:29:02 -0400},
	date-modified = {2021-09-22 10:29:02 -0400},
	doi = {10.1086/305262},
	eprint = {astro-ph/9710107},
	journal = {\apj},
	keywords = {GALAXIES: CLUSTERS: GENERAL, METHODS: NUMERICAL, X-RAYS: GALAXIES, Galaxies: Clusters: General, Methods: Numerical, X-Rays: Galaxies, Astrophysics},
	month = mar,
	number = {1},
	pages = {80-99},
	primaryclass = {astro-ph},
	title = {{Statistical Properties of X-Ray Clusters: Analytic and Numerical Comparisons}},
	volume = {495},
	year = 1998,
	Bdsk-Url-1 = {https://doi.org/10.1086/305262}}

@article{2008ApJ...688..709T,
	adsnote = {Provided by the SAO/NASA Astrophysics Data System},
	adsurl = {https://ui.adsabs.harvard.edu/abs/2008ApJ...688..709T},
	archiveprefix = {arXiv},
	author = {{Tinker}, Jeremy and {Kravtsov}, Andrey V. and {Klypin}, Anatoly and {Abazajian}, Kevork and {Warren}, Michael and {Yepes}, Gustavo and {Gottl{\"o}ber}, Stefan and {Holz}, Daniel E.},
	date-added = {2021-09-22 10:28:44 -0400},
	date-modified = {2021-09-22 10:28:44 -0400},
	doi = {10.1086/591439},
	eprint = {0803.2706},
	journal = {apj},
	keywords = {cosmology: theory, large-scale structure of universe, methods: numerical, Astrophysics},
	month = dec,
	number = {2},
	pages = {709-728},
	primaryclass = {astro-ph},
	title = {{Toward a Halo Mass Function for Precision Cosmology: The Limits of Universality}},
	volume = {688},
	year = 2008,
	Bdsk-Url-1 = {https://doi.org/10.1086/591439}}

@article{2010ApJ...724..878T,
	adsnote = {Provided by the SAO/NASA Astrophysics Data System},
	adsurl = {https://ui.adsabs.harvard.edu/abs/2010ApJ...724..878T},
	archiveprefix = {arXiv},
	author = {{Tinker}, Jeremy L. and {Robertson}, Brant E. and {Kravtsov}, Andrey V. and {Klypin}, Anatoly and {Warren}, Michael S. and {Yepes}, Gustavo and {Gottl{\"o}ber}, Stefan},
	date-added = {2021-09-22 10:28:26 -0400},
	date-modified = {2021-09-22 10:28:26 -0400},
	doi = {10.1088/0004-637X/724/2/878},
	eprint = {1001.3162},
	journal = {apj},
	keywords = {cosmology: theory, large-scale structure of universe, methods: numerical, Astrophysics - Cosmology and Nongalactic Astrophysics},
	month = {Dec},
	number = {2},
	pages = {878-886},
	primaryclass = {astro-ph.CO},
	title = {{The Large-scale Bias of Dark Matter Halos: Numerical Calibration and Model Tests}},
	volume = {724},
	year = {2010},
	Bdsk-Url-1 = {https://doi.org/10.1088/0004-637X/724/2/878}}

@article{2017ApJ...846...21F,
	adsnote = {Provided by the SAO/NASA Astrophysics Data System},
	adsurl = {https://ui.adsabs.harvard.edu/abs/2017ApJ...846...21F},
	archiveprefix = {arXiv},
	author = {{Feng}, Chang and {Cooray}, Asantha and {Keating}, Brian},
	date-added = {2021-09-22 10:28:06 -0400},
	date-modified = {2021-09-22 10:28:06 -0400},
	doi = {10.3847/1538-4357/aa7ff1},
	eid = {21},
	eprint = {1701.07005},
	journal = {\apj},
	keywords = {dark ages, reionization, first stars, ISM: lines and bands, large-scale structure of universe, Astrophysics - Cosmology and Nongalactic Astrophysics},
	month = sep,
	number = {1},
	pages = {21},
	primaryclass = {astro-ph.CO},
	title = {{A Halo Model Approach to the 21 cm and Ly{\ensuremath{\alpha}} Cross-correlation}},
	volume = {846},
	year = 2017,
	Bdsk-Url-1 = {https://doi.org/10.3847/1538-4357/aa7ff1}}

@article{2013PhRvD..88f3526H,
	adsnote = {Provided by the SAO/NASA Astrophysics Data System},
	adsurl = {https://ui.adsabs.harvard.edu/abs/2013PhRvD..88f3526H},
	archiveprefix = {arXiv},
	author = {{Hill}, J. Colin and {Pajer}, Enrico},
	date-added = {2021-09-22 10:27:44 -0400},
	date-modified = {2021-09-22 10:27:44 -0400},
	doi = {10.1103/PhysRevD.88.063526},
	eid = {063526},
	eprint = {1303.4726},
	journal = {Phys Rev. D},
	keywords = {98.80.-k, 98.65.-r, 14.60.Pq, 98.80.Cq, Cosmology, Galaxy groups clusters and superclusters, large scale structure of the Universe, Neutrino mass and mixing, Particle-theory and field-theory models of the early Universe, Astrophysics - Cosmology and Extragalactic Astrophysics, High Energy Physics - Theory},
	month = sep,
	number = {6},
	pages = {063526},
	primaryclass = {astro-ph.CO},
	title = {{Cosmology from the thermal Sunyaev-Zel'dovich power spectrum: Primordial non-Gaussianity and massive neutrinos}},
	volume = {88},
	year = 2013,
	Bdsk-Url-1 = {https://doi.org/10.1103/PhysRevD.88.063526}}

@article{2020arXiv201016405M,
	adsnote = {Provided by the SAO/NASA Astrophysics Data System},
	adsurl = {https://ui.adsabs.harvard.edu/abs/2020arXiv201016405M},
	archiveprefix = {arXiv},
	author = {{McCarthy}, Fiona and {Madhavacheril}, Mathew S.},
	date-added = {2021-09-22 10:27:20 -0400},
	date-modified = {2021-09-22 10:27:20 -0400},
	eid = {arXiv:2010.16405},
	eprint = {2010.16405},
	journal = {arXiv e-prints},
	keywords = {Astrophysics - Cosmology and Nongalactic Astrophysics},
	month = oct,
	pages = {arXiv:2010.16405},
	primaryclass = {astro-ph.CO},
	title = {{Improving models of the cosmic infrared background using CMB lensing mass maps}},
	year = 2020}

@article{LoVerde:2008re,
	archiveprefix = {arXiv},
	author = {LoVerde, Marilena and Afshordi, Niayesh},
	date-added = {2021-09-14 15:05:19 -0600},
	date-modified = {2021-09-14 15:05:19 -0600},
	doi = {10.1103/PhysRevD.78.123506},
	eprint = {0809.5112},
	journal = {Phys. Rev. D},
	pages = {123506},
	primaryclass = {astro-ph},
	title = {{Extended Limber Approximation}},
	volume = {78},
	year = {2008},
	Bdsk-Url-1 = {https://doi.org/10.1103/PhysRevD.78.123506}}

@article{Kitching:2016xcl,
	archiveprefix = {arXiv},
	author = {Kitching, T. D. and Heavens, A. F.},
	date-added = {2021-09-14 15:04:32 -0600},
	date-modified = {2021-09-14 15:04:32 -0600},
	doi = {10.1103/PhysRevD.95.063522},
	eprint = {1612.00770},
	journal = {Phys. Rev. D},
	number = {6},
	pages = {063522},
	primaryclass = {astro-ph.CO},
	title = {{Unequal-Time Correlators for Cosmology}},
	volume = {95},
	year = {2017},
	Bdsk-Url-1 = {https://doi.org/10.1103/PhysRevD.95.063522}}

@article{Fang:2019xat,
	archiveprefix = {arXiv},
	author = {Fang, Xiao and Krause, Elisabeth and Eifler, Tim and MacCrann, Niall},
	date-added = {2021-09-14 15:02:09 -0600},
	date-modified = {2021-09-14 15:02:09 -0600},
	doi = {10.1088/1475-7516/2020/05/010},
	eprint = {1911.11947},
	journal = {JCAP},
	pages = {010},
	primaryclass = {astro-ph.CO},
	title = {{Beyond Limber: Efficient computation of angular power spectra for galaxy clustering and weak lensing}},
	volume = {05},
	year = {2020},
	Bdsk-Url-1 = {https://doi.org/10.1088/1475-7516/2020/05/010}}

@article{Schaan:2018yeh,
	archiveprefix = {arXiv},
	author = {Schaan, Emmanuel and Ferraro, Simone and Spergel, David N.},
	date-added = {2021-09-12 16:01:00 -0600},
	date-modified = {2021-09-12 16:01:00 -0600},
	doi = {10.1103/PhysRevD.97.123539},
	eprint = {1802.05706},
	journal = {Phys. Rev. D},
	number = {12},
	pages = {123539},
	primaryclass = {astro-ph.CO},
	title = {{Weak Lensing of Intensity Mapping: the Cosmic Infrared Background}},
	volume = {97},
	year = {2018},
	Bdsk-Url-1 = {https://doi.org/10.1103/PhysRevD.97.123539}}

@article{Scoccimarro:1999kp,
	archiveprefix = {arXiv},
	author = {Scoccimarro, Roman and Zaldarriaga, Matias and Hui, Lam},
	date-added = {2021-09-12 15:20:39 -0600},
	date-modified = {2021-09-12 15:20:39 -0600},
	doi = {10.1086/308059},
	eprint = {astro-ph/9901099},
	journal = {Astrophys. J.},
	pages = {1},
	reportnumber = {CITA-98-62, FERMILAB-PUB-99-003-A},
	title = {{Power spectrum correlations induced by nonlinear clustering}},
	volume = {527},
	year = {1999},
	Bdsk-Url-1 = {https://doi.org/10.1086/308059}}

@article{Hotinli:2021hih,
	archiveprefix = {arXiv},
	author = {Hotinli, Selim C. and Smith, Kendrick M. and Madhavacheril, Mathew S. and Kamionkowski, Marc},
	eprint = {2108.02207},
	month = {8},
	primaryclass = {astro-ph.CO},
	title = {{Cosmology with the moving lens effect}},
	year = {2021}}

@article{0903.4929,
	archiveprefix = {arXiv},
	author = {Hirata, Christopher M.},
	date-added = {2021-08-04 23:28:50 -0400},
	date-modified = {2021-08-04 23:28:50 -0400},
	doi = {10.1111/j.1365-2966.2009.15353.x},
	eprint = {0903.4929},
	journal = {Mon. Not. Roy. Astron. Soc.},
	pages = {1074},
	primaryclass = {astro-ph.CO},
	slaccitation = {%%CITATION = ARXIV:0903.4929;%%},
	title = {{Tidal alignments as a contaminant of redshift space distortions}},
	volume = {399},
	year = {2009},
	Bdsk-Url-1 = {http://dx.doi.org/10.1111/j.1365-2966.2009.15353.x}}

@article{Zhu_2016,
	author = {Zhu, Hong-Ming and Pen, Ue-Li and Yu, Yu and Er, Xinzhong and Chen, Xuelei},
	date-added = {2021-08-04 23:24:36 -0400},
	date-modified = {2021-08-04 23:24:36 -0400},
	doi = {10.1103/physrevd.93.103504},
	issn = {2470-0029},
	journal = {Physical Review D},
	month = {May},
	number = {10},
	publisher = {American Physical Society (APS)},
	title = {Cosmic tidal reconstruction},
	url = {http://dx.doi.org/10.1103/PhysRevD.93.103504},
	volume = {93},
	year = {2016},
	Bdsk-Url-1 = {http://dx.doi.org/10.1103/PhysRevD.93.103504},
	Bdsk-Url-2 = {http://dx.doi.org/10.1103/physrevd.93.103504}}

@article{Schmidt_2014,
	author = {Schmidt, Fabian and Pajer, Enrico and Zaldarriaga, Matias},
	date-added = {2021-08-04 23:24:01 -0400},
	date-modified = {2021-08-04 23:24:01 -0400},
	doi = {10.1103/physrevd.89.083507},
	issn = {1550-2368},
	journal = {Physical Review D},
	month = {Apr},
	number = {8},
	publisher = {American Physical Society (APS)},
	title = {Large-scale structure and gravitational waves. III. Tidal effects},
	url = {http://dx.doi.org/10.1103/PhysRevD.89.083507},
	volume = {89},
	year = {2014},
	Bdsk-Url-1 = {http://dx.doi.org/10.1103/PhysRevD.89.083507},
	Bdsk-Url-2 = {http://dx.doi.org/10.1103/physrevd.89.083507}}

@article{Namikawa_2013,
	author = {Namikawa, Toshiya and Hanson, Duncan and Takahashi, Ryuichi},
	date-added = {2021-07-13 16:39:56 +0000},
	date-modified = {2021-07-13 16:39:56 +0000},
	doi = {10.1093/mnras/stt195},
	issn = {1365-2966},
	journal = {Monthly Notices of the Royal Astronomical Society},
	month = {Feb},
	number = {1},
	pages = {609--620},
	publisher = {Oxford University Press (OUP)},
	title = {Bias-hardened CMB lensing},
	url = {http://dx.doi.org/10.1093/mnras/stt195},
	volume = {431},
	year = {2013},
	Bdsk-Url-1 = {http://dx.doi.org/10.1093/mnras/stt195}}

@article{Hotinli:2018yyc,
	archiveprefix = {arXiv},
	author = {Hotinli, Selim C. and Meyers, Joel and Dalal, Neal and Jaffe, Andrew H. and Johnson, Matthew C. and Mertens, James B. and M\"unchmeyer, Moritz and Smith, Kendrick M. and van Engelen, Alexander},
	date-added = {2021-07-13 02:04:11 +0000},
	date-modified = {2021-07-13 02:04:11 +0000},
	doi = {10.1103/PhysRevLett.123.061301},
	eprint = {1812.03167},
	journal = {Phys. Rev. Lett.},
	number = {6},
	pages = {061301},
	primaryclass = {astro-ph.CO},
	title = {{Transverse Velocities with the Moving Lens Effect}},
	volume = {123},
	year = {2019},
	Bdsk-Url-1 = {http://dx.doi.org/10.1103/PhysRevLett.123.061301}}

@article{1968Natur.217..511R,
	adsnote = {Provided by the SAO/NASA Astrophysics Data System},
	adsurl = {http://adsabs.harvard.edu/abs/1968Natur.217..511R},
	author = {{Rees}, M.~J. and {Sciama}, D.~W.},
	date-added = {2021-07-12 02:12:42 +0000},
	date-modified = {2021-07-12 02:12:42 +0000},
	doi = {10.1038/217511a0},
	journal = {\nat},
	month = feb,
	pages = {511-516},
	title = {{Large-scale Density Inhomogeneities in the Universe}},
	volume = 217,
	year = 1968,
	Bdsk-Url-1 = {http://dx.doi.org/10.1038/217511a0}}

@article{2010MNRAS.407..201C,
	adsnote = {Provided by the SAO/NASA Astrophysics Data System},
	adsurl = {http://adsabs.harvard.edu/abs/2010MNRAS.407..201C},
	archiveprefix = {arXiv},
	author = {{Cai}, Y.-C. and {Cole}, S. and {Jenkins}, A. and {Frenk}, C.~S.},
	date-added = {2021-07-12 02:12:09 +0000},
	date-modified = {2021-07-12 02:12:09 +0000},
	doi = {10.1111/j.1365-2966.2010.16946.x},
	eprint = {1003.0974},
	journal = {\mnras},
	keywords = {methods: numerical, cosmic background radiation, large-scale structure of Universe},
	month = sep,
	pages = {201-224},
	title = {{Full-sky map of the ISW and Rees-Sciama effect from Gpc simulations}},
	volume = 407,
	year = 2010,
	Bdsk-Url-1 = {http://dx.doi.org/10.1111/j.1365-2966.2010.16946.x}}

@article{1983Natur.302..315B,
	adsnote = {Provided by the SAO/NASA Astrophysics Data System},
	adsurl = {https://ui.adsabs.harvard.edu/abs/1983Natur.302..315B},
	author = {{Birkinshaw}, M. and {Gull}, S.~F.},
	date-added = {2021-07-12 01:53:00 +0000},
	date-modified = {2021-07-12 01:53:00 +0000},
	doi = {10.1038/302315a0},
	journal = {\nat},
	keywords = {Brightness Distribution, Galactic Clusters, Gravitational Lenses, Velocity Measurement, Background Radiation, Dynamic Characteristics, Microwaves, Astronomy},
	month = {Mar},
	number = {5906},
	pages = {315-317},
	title = {{A test for transverse motions of clusters of galaxies}},
	volume = {302},
	year = {1983},
	Bdsk-Url-1 = {http://dx.doi.org/10.1038/302315a0}}

@article{2002PhRvD..65h3518C,
	adsnote = {Provided by the SAO/NASA Astrophysics Data System},
	adsurl = {http://adsabs.harvard.edu/abs/2002PhRvD..65h3518C},
	author = {{Cooray}, A.},
	date-added = {2021-07-12 01:51:04 +0000},
	date-modified = {2021-07-12 01:51:04 +0000},
	doi = {10.1103/PhysRevD.65.083518},
	eid = {083518},
	eprint = {astro-ph/0109162},
	journal = {\prd},
	keywords = {Observational cosmology, X-ray, Mass and mass distribution, Background radiations},
	month = apr,
	number = 8,
	pages = {083518},
	title = {{Nonlinear integrated Sachs-Wolfe effect}},
	volume = 65,
	year = 2002,
	Bdsk-Url-1 = {http://dx.doi.org/10.1103/PhysRevD.65.083518}}

@article{1986Natur.324..349G,
	adsnote = {Provided by the SAO/NASA Astrophysics Data System},
	adsurl = {https://ui.adsabs.harvard.edu/abs/1986Natur.324..349G},
	author = {{Gurvits}, L.~I. and {Mitrofanov}, I.~G.},
	date-added = {2021-07-12 01:38:59 +0000},
	date-modified = {2021-07-12 01:38:59 +0000},
	doi = {10.1038/324349a0},
	journal = {\nat},
	month = nov,
	number = {6095},
	pages = {349-350},
	title = {{Perturbation of the background radiation by a moving gravitational lens}},
	volume = {324},
	year = 1986,
	Bdsk-Url-1 = {http://dx.doi.org/10.1038/324349a0}}

@article{Cooray:2001vy,
	archiveprefix = {arXiv},
	author = {Cooray, Asantha and Chen, Xue-lei},
	date-added = {2021-07-12 01:38:24 +0000},
	date-modified = {2021-07-12 01:38:24 +0000},
	doi = {10.1086/340582},
	eprint = {astro-ph/0107544},
	journal = {Astrophys. J.},
	pages = {43},
	title = {{Kinetic Sunyaev-Zel'dovich effect from halo rotation}},
	volume = {573},
	year = {2002},
	Bdsk-Url-1 = {http://dx.doi.org/10.1086/340582}}

@article{DESI:2019jxc,
	archiveprefix = {arXiv},
	author = {Levi, Michael E. and others},
	collaboration = {DESI},
	date-added = {2021-07-12 01:19:17 +0000},
	date-modified = {2021-07-12 01:19:17 +0000},
	eprint = {1907.10688},
	month = {7},
	primaryclass = {astro-ph.IM},
	reportnumber = {FERMILAB-PUB-19-434-AE},
	title = {{The Dark Energy Spectroscopic Instrument (DESI)}},
	year = {2019}}

@article{AtacamaCosmologyTelescope:2020wtv,
	archiveprefix = {arXiv},
	author = {Schaan, Emmanuel and others},
	collaboration = {Atacama Cosmology Telescope},
	date-added = {2021-07-11 21:23:28 +0000},
	date-modified = {2021-07-11 21:23:28 +0000},
	doi = {10.1103/PhysRevD.103.063513},
	eprint = {2009.05557},
	journal = {Phys. Rev. D},
	number = {6},
	pages = {063513},
	primaryclass = {astro-ph.CO},
	title = {{Atacama Cosmology Telescope: Combined kinematic and thermal Sunyaev-Zel\textquoteright{}dovich measurements from BOSS CMASS and LOWZ halos}},
	volume = {103},
	year = {2021},
	Bdsk-Url-1 = {http://dx.doi.org/10.1103/PhysRevD.103.063513}}

@article{DES:2016umt,
	archiveprefix = {arXiv},
	author = {Soergel, B. and others},
	collaboration = {DES, SPT},
	date-added = {2021-07-11 21:21:26 +0000},
	date-modified = {2021-07-11 21:21:26 +0000},
	doi = {10.1093/mnras/stw1455},
	eprint = {1603.03904},
	journal = {Mon. Not. Roy. Astron. Soc.},
	number = {3},
	pages = {3172--3193},
	primaryclass = {astro-ph.CO},
	reportnumber = {DES-2015-0154, FERMILAB-PUB-16-036-AE},
	title = {{Detection of the kinematic Sunyaev\textendash{}Zel'dovich effect with DES Year 1 and SPT}},
	volume = {461},
	year = {2016},
	Bdsk-Url-1 = {http://dx.doi.org/10.1093/mnras/stw1455}}

@article{Planck:2015ywj,
	archiveprefix = {arXiv},
	author = {Ade, P. A. R. and others},
	collaboration = {Planck},
	date-added = {2021-07-11 21:20:26 +0000},
	date-modified = {2021-07-11 21:20:26 +0000},
	doi = {10.1051/0004-6361/201526328},
	eprint = {1504.03339},
	journal = {Astron. Astrophys.},
	pages = {A140},
	primaryclass = {astro-ph.CO},
	title = {{Planck intermediate results. XXXVII. Evidence of unbound gas from the kinetic Sunyaev-Zeldovich effect}},
	volume = {586},
	year = {2016},
	Bdsk-Url-1 = {http://dx.doi.org/10.1051/0004-6361/201526328}}

@article{Darwish:2020fwf,
	archiveprefix = {arXiv},
	author = {Darwish, Omar and others},
	date-added = {2021-07-11 21:05:15 +0000},
	date-modified = {2021-07-11 21:05:15 +0000},
	doi = {10.1093/mnras/staa3438},
	eprint = {2004.01139},
	journal = {Mon. Not. Roy. Astron. Soc.},
	number = {2},
	pages = {2250--2263},
	primaryclass = {astro-ph.CO},
	title = {{The Atacama Cosmology Telescope: A CMB lensing mass map over 2100 square degrees of sky and its cross-correlation with BOSS-CMASS galaxies}},
	volume = {500},
	year = {2020},
	Bdsk-Url-1 = {http://dx.doi.org/10.1093/mnras/staa3438}}

@article{Sehgal:2019ewc,
	archiveprefix = {arXiv},
	author = {Sehgal, Neelima and others},
	date-added = {2021-07-11 20:57:18 +0000},
	date-modified = {2021-07-11 20:57:18 +0000},
	eprint = {1906.10134},
	month = {6},
	primaryclass = {astro-ph.CO},
	title = {{CMB-HD: An Ultra-Deep, High-Resolution Millimeter-Wave Survey Over Half the Sky}},
	year = {2019}}

@article{SPT:2004qip,
	archiveprefix = {arXiv},
	author = {Ruhl, John E. and others},
	collaboration = {SPT},
	date-added = {2021-07-11 20:55:58 +0000},
	date-modified = {2021-07-11 20:55:58 +0000},
	doi = {10.1117/12.552473},
	eprint = {astro-ph/0411122},
	journal = {Proc. SPIE Int. Soc. Opt. Eng.},
	pages = {11},
	title = {{The South Pole Telescope}},
	volume = {5498},
	year = {2004},
	Bdsk-Url-1 = {http://dx.doi.org/10.1117/12.552473}}

@article{Kosowsky:2003smi,
	archiveprefix = {arXiv},
	author = {Kosowsky, Arthur},
	date-added = {2021-07-11 20:53:45 +0000},
	date-modified = {2021-07-11 20:53:45 +0000},
	doi = {10.1016/j.newar.2003.09.003},
	eprint = {astro-ph/0402234},
	journal = {New Astron. Rev.},
	pages = {939--943},
	reportnumber = {RAP-400},
	title = {{The Atacama Cosmology Telescope}},
	volume = {47},
	year = {2003},
	Bdsk-Url-1 = {http://dx.doi.org/10.1016/j.newar.2003.09.003}}

@article{Bohm:2016gzt,
	archiveprefix = {arXiv},
	author = {B\"ohm, Vanessa and Schmittfull, Marcel and Sherwin, Blake D.},
	date-added = {2021-07-11 17:09:30 +0000},
	date-modified = {2021-07-11 17:09:30 +0000},
	doi = {10.1103/PhysRevD.94.043519},
	eprint = {1605.01392},
	journal = {Phys. Rev. D},
	number = {4},
	pages = {043519},
	primaryclass = {astro-ph.CO},
	title = {{Bias to CMB lensing measurements from the bispectrum of large-scale structure}},
	volume = {94},
	year = {2016},
	Bdsk-Url-1 = {http://dx.doi.org/10.1103/PhysRevD.94.043519}}

@article{Cooray:2002dia,
	archiveprefix = {arXiv},
	author = {Cooray, Asantha and Sheth, Ravi K.},
	date-added = {2021-06-27 20:28:08 +0000},
	date-modified = {2021-06-27 20:28:08 +0000},
	doi = {10.1016/S0370-1573(02)00276-4},
	eprint = {astro-ph/0206508},
	journal = {Phys. Rept.},
	pages = {1--129},
	reportnumber = {FERMILAB-PUB-02-284-A},
	title = {{Halo Models of Large Scale Structure}},
	volume = {372},
	year = {2002},
	Bdsk-Url-1 = {http://dx.doi.org/10.1016/S0370-1573(02)00276-4}}

@article{ACT:2020frw,
	archiveprefix = {arXiv},
	author = {Choi, Steve K. and others},
	collaboration = {ACT},
	date-added = {2021-06-27 00:32:12 +0000},
	date-modified = {2021-06-27 00:32:12 +0000},
	doi = {10.1088/1475-7516/2020/12/045},
	eprint = {2007.07289},
	journal = {JCAP},
	pages = {045},
	primaryclass = {astro-ph.CO},
	title = {{The Atacama Cosmology Telescope: a measurement of the Cosmic Microwave Background power spectra at 98 and 150 GHz}},
	volume = {12},
	year = {2020},
	Bdsk-Url-1 = {http://dx.doi.org/10.1088/1475-7516/2020/12/045}}

@article{Hotinli:2020csk,
	archiveprefix = {arXiv},
	author = {Hotinli, Selim C. and Johnson, Matthew C.},
	date-added = {2021-06-27 00:28:09 +0000},
	date-modified = {2021-06-27 00:28:09 +0000},
	eprint = {2012.09851},
	month = {12},
	primaryclass = {astro-ph.CO},
	title = {{Reconstructing large scales at cosmic dawn}},
	year = {2020}}

@article{Lewis:1999bs,
	archiveprefix = {arXiv},
	author = {Lewis, Antony and Challinor, Anthony and Lasenby, Anthony},
	date-added = {2021-06-26 23:45:34 +0000},
	date-modified = {2021-06-26 23:45:34 +0000},
	doi = {10.1086/309179},
	eprint = {astro-ph/9911177},
	journal = {\apj},
	pages = {473-476},
	primaryclass = {astro-ph},
	slaccitation = {%%CITATION = ASTRO-PH/9911177;%%},
	title = {{Efficient computation of CMB anisotropies in closed FRW models}},
	volume = {538},
	year = {2000},
	Bdsk-Url-1 = {http://dx.doi.org/10.1086/309179}}

@article{Howlett:2012mh,
	archiveprefix = {arXiv},
	author = {Howlett, Cullan and Lewis, Antony and Hall, Alex and Challinor, Anthony},
	date-added = {2021-06-26 23:45:34 +0000},
	date-modified = {2021-06-26 23:45:34 +0000},
	doi = {10.1088/1475-7516/2012/04/027},
	eprint = {1201.3654},
	journal = {\jcap},
	pages = {027},
	primaryclass = {astro-ph.CO},
	slaccitation = {%%CITATION = ARXIV:1201.3654;%%},
	title = {{CMB power spectrum parameter degeneracies in the era of precision cosmology}},
	volume = {1204},
	year = {2012},
	Bdsk-Url-1 = {http://dx.doi.org/10.1088/1475-7516/2012/04/027}}

@article{CosmicVisions21cm:2018rfq,
	archiveprefix = {arXiv},
	author = {Ansari, R\'eza and others},
	collaboration = {Cosmic Visions 21 cm},
	date-added = {2021-06-26 17:21:50 +0000},
	date-modified = {2021-06-26 17:21:50 +0000},
	eprint = {1810.09572},
	month = {10},
	primaryclass = {astro-ph.CO},
	reportnumber = {FERMILAB-PUB-18-594-A},
	title = {{Inflation and Early Dark Energy with a Stage II Hydrogen Intensity Mapping experiment}},
	year = {2018}}

@article{Lanusse:2014gpa,
	archiveprefix = {arXiv},
	author = {Lanusse, F. and Rassat, A. and Starck, J. -L.},
	date-added = {2021-06-24 18:18:12 +0000},
	date-modified = {2021-06-24 18:18:12 +0000},
	doi = {10.1051/0004-6361/201424456},
	eprint = {1406.5989},
	journal = {Astron. Astrophys.},
	pages = {A10},
	primaryclass = {astro-ph.CO},
	title = {{3D galaxy clustering with future wide-field surveys: Advantages of a spherical Fourier-Bessel analysis}},
	volume = {578},
	year = {2015},
	Bdsk-Url-1 = {http://dx.doi.org/10.1051/0004-6361/201424456}}

@article{Fisher:1994xm,
	archiveprefix = {arXiv},
	author = {Fisher, Karl and Lahav, Ofer and Hoffman, Yehuda and Lynden-Bell, Donald and Zaroubi, Saleem},
	date-added = {2021-06-24 18:10:19 +0000},
	date-modified = {2021-06-24 18:10:19 +0000},
	eprint = {astro-ph/9406009},
	month = {6},
	title = {{Wiener reconstruction of density, velocity, and potential fields from all-sky galaxy redshift surveys}},
	year = {1994}}

@article{McCarthy:2019xwk,
	archiveprefix = {arXiv},
	author = {McCarthy, Fiona and Johnson, Matthew C.},
	date-added = {2021-01-04 21:47:52 +0000},
	date-modified = {2021-01-04 21:47:52 +0000},
	doi = {10.1103/PhysRevD.102.043520},
	eprint = {1907.06678},
	journal = {Phys. Rev. D},
	number = {4},
	pages = {043520},
	primaryclass = {astro-ph.CO},
	title = {{Remote dipole field reconstruction with dusty galaxies}},
	volume = {102},
	year = {2020},
	Bdsk-Url-1 = {http://dx.doi.org/10.1103/PhysRevD.102.043520}}

@article{Ma:2001xr,
	archiveprefix = {arXiv},
	author = {Ma, Chung-Pei and Fry, James N.},
	date-added = {2020-12-12 01:45:36 +0000},
	date-modified = {2020-12-12 01:45:36 +0000},
	doi = {10.1103/PhysRevLett.88.211301},
	eprint = {astro-ph/0106342},
	journal = {Phys. Rev. Lett.},
	pages = {211301},
	title = {{Nonlinear kinetic Sunyaev-Zeldovich effect}},
	volume = {88},
	year = {2002},
	Bdsk-Url-1 = {http://dx.doi.org/10.1103/PhysRevLett.88.211301}}

@article{Sato-Polito:2020cil,
	archiveprefix = {arXiv},
	author = {Sato-Polito, Gabriela and Bernal, Jos\'e Luis and Boddy, Kimberly K. and Kamionkowski, Marc},
	date-added = {2020-11-24 20:18:36 +0000},
	date-modified = {2020-11-24 20:18:36 +0000},
	eprint = {2011.08193},
	month = {11},
	primaryclass = {astro-ph.CO},
	title = {{Kinetic Sunyaev-Zel'dovich tomography with line-intensity mapping}},
	year = {2020}}

@article{Hotinli:2019wdp,
	archiveprefix = {arXiv},
	author = {Hotinli, Selim C. and Mertens, James B. and Johnson, Matthew C. and Kamionkowski, Marc},
	date-added = {2020-11-24 20:17:50 +0000},
	date-modified = {2020-11-24 20:17:50 +0000},
	doi = {10.1103/PhysRevD.100.103528},
	eprint = {1908.08953},
	journal = {Phys. Rev. D},
	number = {10},
	pages = {103528},
	primaryclass = {astro-ph.CO},
	title = {{Probing correlated compensated isocurvature perturbations using scale-dependent galaxy bias}},
	volume = {100},
	year = {2019},
	Bdsk-Url-1 = {http://dx.doi.org/10.1103/PhysRevD.100.103528}}

@article{Cayuso:2019hen,
	archiveprefix = {arXiv},
	author = {Cayuso, Juan I. and Johnson, Matthew C.},
	date-added = {2020-11-24 20:16:35 +0000},
	date-modified = {2020-11-24 20:16:35 +0000},
	doi = {10.1103/PhysRevD.101.123508},
	eprint = {1904.10981},
	journal = {Phys. Rev. D},
	number = {12},
	pages = {123508},
	primaryclass = {astro-ph.CO},
	title = {{Towards testing CMB anomalies using the kinetic and polarized Sunyaev-Zel\textquoteright{}dovich effects}},
	volume = {101},
	year = {2020},
	Bdsk-Url-1 = {http://dx.doi.org/10.1103/PhysRevD.101.123508}}

@article{Pan:2019dax,
	archiveprefix = {arXiv},
	author = {Pan, Zhen and Johnson, Matthew C.},
	date-added = {2020-11-24 20:12:06 +0000},
	date-modified = {2020-11-24 20:12:06 +0000},
	doi = {10.1103/PhysRevD.100.083522},
	eprint = {1906.04208},
	journal = {Phys. Rev. D},
	number = {8},
	pages = {083522},
	primaryclass = {astro-ph.CO},
	title = {{Forecasted constraints on modified gravity from Sunyaev-Zel\textquoteright{}dovich tomography}},
	volume = {100},
	year = {2019},
	Bdsk-Url-1 = {http://dx.doi.org/10.1103/PhysRevD.100.083522}}

@article{Giri:2020pkk,
	archiveprefix = {arXiv},
	author = {Giri, Utkarsh and Smith, Kendrick M.},
	date-added = {2020-11-24 20:02:06 +0000},
	date-modified = {2020-11-24 20:02:06 +0000},
	eprint = {2010.07193},
	month = {10},
	primaryclass = {astro-ph.CO},
	title = {{Exploring KSZ velocity reconstruction with $N$-body simulations and the halo model}},
	year = {2020}}

@article{Kothari:2015tqa,
	archiveprefix = {arXiv},
	author = {Kothari, Rahul and Ghosh, Shamik and Rath, Pranati K. and Kashyap, Gopal and Jain, Pankaj},
	date-added = {2019-04-24 15:59:14 +0000},
	date-modified = {2019-04-24 15:59:14 +0000},
	doi = {10.1093/mnras/stw1039},
	eprint = {1503.08997},
	journal = {Mon. Not. Roy. Astron. Soc.},
	number = {2},
	pages = {1577-1587},
	primaryclass = {astro-ph.CO},
	slaccitation = {%%CITATION = ARXIV:1503.08997;%%},
	title = {{Imprint of Inhomogeneous and Anisotropic Primordial Power Spectrum on CMB Polarization}},
	volume = {460},
	year = {2016},
	Bdsk-Url-1 = {http://dx.doi.org/10.1093/mnras/stw1039}}

@article{2009arXiv0901.0721A,
	adsnote = {Provided by the SAO/NASA Astrophysics Data System},
	adsurl = {https://ui.adsabs.harvard.edu/abs/2009arXiv0901.0721A},
	archiveprefix = {arXiv},
	author = {{Albrecht}, Andreas and {Amendola}, Luca and {Bernstein}, Gary and {Clowe}, Douglas and {Eisenstein}, Daniel and {Guzzo}, Luigi and {Hirata}, Christopher and {Huterer}, Dragan and {Kirshner}, Robert and {Kolb}, Edward and {Nichol}, Robert},
	date-added = {2019-04-24 15:19:33 +0000},
	date-modified = {2019-04-24 15:19:33 +0000},
	eid = {arXiv:0901.0721},
	eprint = {0901.0721},
	journal = {arXiv e-prints},
	keywords = {Astrophysics - Instrumentation and Methods for Astrophysics},
	month = {Jan},
	pages = {arXiv:0901.0721},
	primaryclass = {astro-ph.IM},
	title = {{Findings of the Joint Dark Energy Mission Figure of Merit Science Working Group}},
	year = {2009}}

@article{Yasini:2016pby,
	archiveprefix = {arXiv},
	author = {Yasini, Siavash and Pierpaoli, Elena},
	date-added = {2019-04-23 19:39:45 +0000},
	date-modified = {2019-04-23 19:39:45 +0000},
	doi = {10.1103/PhysRevD.94.023513},
	eprint = {1605.02111},
	journal = {Phys. Rev.},
	number = {2},
	pages = {023513},
	primaryclass = {astro-ph.CO},
	slaccitation = {%%CITATION = ARXIV:1605.02111;%%},
	title = {{Kinetic Sunyaev Zeldovich effect in an anisotropic CMB model: measuring low multipoles of the CMB at higher redshifts using intensity and polarization spectral distortions}},
	volume = {D94},
	year = {2016},
	Bdsk-Url-1 = {http://dx.doi.org/10.1103/PhysRevD.94.023513}}

@article{Achucarro:2010da,
	archiveprefix = {arXiv},
	author = {Achucarro, Ana and Gong, Jinn-Ouk and Hardeman, Sjoerd and Palma, Gonzalo A. and Patil, Subodh P.},
	date-added = {2019-04-09 19:58:41 +0000},
	date-modified = {2019-04-09 19:58:41 +0000},
	doi = {10.1088/1475-7516/2011/01/030},
	eprint = {1010.3693},
	journal = {JCAP},
	pages = {030},
	primaryclass = {hep-ph},
	reportnumber = {LPTENS-10-36, CPHT-RR-080.0910},
	slaccitation = {%%CITATION = ARXIV:1010.3693;%%},
	title = {{Features of heavy physics in the CMB power spectrum}},
	volume = {1101},
	year = {2011},
	Bdsk-Url-1 = {http://dx.doi.org/10.1088/1475-7516/2011/01/030}}

@article{Bean:2008na,
	archiveprefix = {arXiv},
	author = {Bean, Rachel and Chen, Xingang and Hailu, Girma and Tye, S. -H. Henry and Xu, Jiajun},
	date-added = {2019-04-09 19:56:07 +0000},
	date-modified = {2019-04-09 19:56:07 +0000},
	doi = {10.1088/1475-7516/2008/03/026},
	eprint = {0802.0491},
	journal = {JCAP},
	pages = {026},
	primaryclass = {hep-th},
	reportnumber = {MIT-CTP-3921, CAS-KITPC-ITP-046},
	slaccitation = {%%CITATION = ARXIV:0802.0491;%%},
	title = {{Duality Cascade in Brane Inflation}},
	volume = {0803},
	year = {2008},
	Bdsk-Url-1 = {http://dx.doi.org/10.1088/1475-7516/2008/03/026}}

@article{Adams:2001vc,
	archiveprefix = {arXiv},
	author = {Adams, Jennifer A. and Cresswell, Bevan and Easther, Richard},
	date-added = {2019-04-09 19:44:19 +0000},
	date-modified = {2019-04-09 19:44:19 +0000},
	doi = {10.1103/PhysRevD.64.123514},
	eprint = {astro-ph/0102236},
	journal = {Phys. Rev.},
	pages = {123514},
	primaryclass = {astro-ph},
	reportnumber = {CU-TP-1005},
	slaccitation = {%%CITATION = ASTRO-PH/0102236;%%},
	title = {{Inflationary perturbations from a potential with a step}},
	volume = {D64},
	year = {2001},
	Bdsk-Url-1 = {http://dx.doi.org/10.1103/PhysRevD.64.123514}}

@article{Silverstein:2003hf,
	archiveprefix = {arXiv},
	author = {Silverstein, Eva and Tong, David},
	date-added = {2019-04-09 19:43:44 +0000},
	date-modified = {2019-04-09 19:43:44 +0000},
	doi = {10.1103/PhysRevD.70.103505},
	eprint = {hep-th/0310221},
	journal = {Phys. Rev.},
	pages = {103505},
	primaryclass = {hep-th},
	reportnumber = {SLAC-PUB-10211, MIT-CTP-3426, SU-ITP-3-29, NSF-KITP-03-87},
	slaccitation = {%%CITATION = HEP-TH/0310221;%%},
	title = {{Scalar speed limits and cosmology: Acceleration from D-cceleration}},
	volume = {D70},
	year = {2004},
	Bdsk-Url-1 = {http://dx.doi.org/10.1103/PhysRevD.70.103505}}

@article{Chen:2006xjb,
	archiveprefix = {arXiv},
	author = {Chen, Xingang and Easther, Richard and Lim, Eugene A.},
	date-added = {2019-04-09 19:42:30 +0000},
	date-modified = {2019-04-09 19:42:30 +0000},
	doi = {10.1088/1475-7516/2007/06/023},
	eprint = {astro-ph/0611645},
	journal = {JCAP},
	pages = {023},
	primaryclass = {astro-ph},
	slaccitation = {%%CITATION = ASTRO-PH/0611645;%%},
	title = {{Large Non-Gaussianities in Single Field Inflation}},
	volume = {0706},
	year = {2007},
	Bdsk-Url-1 = {http://dx.doi.org/10.1088/1475-7516/2007/06/023}}

@article{Yamauchi:2011qq,
	archiveprefix = {arXiv},
	author = {Yamauchi, Daisuke and Linde, Andrei and Naruko, Atsushi and Sasaki, Misao and Tanaka, Takahiro},
	date-added = {2019-04-09 19:38:54 +0000},
	date-modified = {2019-04-09 19:38:54 +0000},
	doi = {10.1103/PhysRevD.84.043513},
	eprint = {1105.2674},
	journal = {Phys. Rev.},
	pages = {043513},
	primaryclass = {hep-th},
	slaccitation = {%%CITATION = ARXIV:1105.2674;%%},
	title = {{Open inflation in the landscape}},
	volume = {D84},
	year = {2011},
	Bdsk-Url-1 = {http://dx.doi.org/10.1103/PhysRevD.84.043513}}

@article{Linde:1998iw,
	archiveprefix = {arXiv},
	author = {Linde, Andrei D.},
	date-added = {2019-04-09 19:37:14 +0000},
	date-modified = {2019-04-09 19:37:14 +0000},
	doi = {10.1103/PhysRevD.59.023503},
	eprint = {hep-ph/9807493},
	journal = {Phys. Rev.},
	pages = {023503},
	primaryclass = {hep-ph},
	reportnumber = {SU-ITP-98-45},
	slaccitation = {%%CITATION = HEP-PH/9807493;%%},
	title = {{A Toy model for open inflation}},
	volume = {D59},
	year = {1999},
	Bdsk-Url-1 = {http://dx.doi.org/10.1103/PhysRevD.59.023503}}

@article{Adhikari:2015yya,
	archiveprefix = {arXiv},
	author = {Adhikari, Saroj and Shandera, Sarah and Erickcek, Adrienne L.},
	date-added = {2019-04-09 17:55:38 +0000},
	date-modified = {2019-04-09 17:55:38 +0000},
	doi = {10.1103/PhysRevD.93.023524},
	eprint = {1508.06489},
	journal = {Phys. Rev.},
	number = {2},
	pages = {023524},
	primaryclass = {astro-ph.CO},
	reportnumber = {IGC-15-8-1},
	slaccitation = {%%CITATION = ARXIV:1508.06489;%%},
	title = {{Large-scale anomalies in the cosmic microwave background as signatures of non-Gaussianity}},
	volume = {D93},
	year = {2016},
	Bdsk-Url-1 = {http://dx.doi.org/10.1103/PhysRevD.93.023524}}

@article{Erickcek:2008sm,
	archiveprefix = {arXiv},
	author = {Erickcek, Adrienne L. and Kamionkowski, Marc and Carroll, Sean M.},
	date-added = {2019-04-09 17:52:35 +0000},
	date-modified = {2019-04-09 17:52:35 +0000},
	doi = {10.1103/PhysRevD.78.123520},
	eprint = {0806.0377},
	journal = {Phys. Rev.},
	pages = {123520},
	primaryclass = {astro-ph},
	slaccitation = {%%CITATION = ARXIV:0806.0377;%%},
	title = {{A Hemispherical Power Asymmetry from Inflation}},
	volume = {D78},
	year = {2008},
	Bdsk-Url-1 = {http://dx.doi.org/10.1103/PhysRevD.78.123520}}

@article{Liddle:2013czu,
	archiveprefix = {arXiv},
	author = {Liddle, Andrew R. and Cort{\^e}s, Marina},
	date-added = {2019-04-09 17:52:03 +0000},
	date-modified = {2019-04-09 17:52:03 +0000},
	doi = {10.1103/PhysRevLett.111.111302},
	eprint = {1306.5698},
	journal = {Phys. Rev. Lett.},
	number = {11},
	pages = {111302},
	primaryclass = {astro-ph.CO},
	slaccitation = {%%CITATION = ARXIV:1306.5698;%%},
	title = {{Cosmic microwave background anomalies in an open universe}},
	volume = {111},
	year = {2013},
	Bdsk-Url-1 = {http://dx.doi.org/10.1103/PhysRevLett.111.111302}}

@article{Kobayashi:2015qma,
	archiveprefix = {arXiv},
	author = {Kobayashi, Takeshi and Cort{\^e}s, Marina and Liddle, Andrew R.},
	date-added = {2019-04-09 17:51:07 +0000},
	date-modified = {2019-04-09 17:51:07 +0000},
	doi = {10.1088/1475-7516/2015/05/029},
	eprint = {1501.05864},
	journal = {JCAP},
	number = {05},
	pages = {029},
	primaryclass = {astro-ph.CO},
	slaccitation = {%%CITATION = ARXIV:1501.05864;%%},
	title = {{A separate universe view of the asymmetric sky}},
	volume = {1505},
	year = {2015},
	Bdsk-Url-1 = {http://dx.doi.org/10.1088/1475-7516/2015/05/029}}

@article{Trotta:2007hy,
	archiveprefix = {arXiv},
	author = {Trotta, Roberto},
	date-added = {2019-04-05 17:24:36 +0000},
	date-modified = {2019-04-05 17:24:36 +0000},
	doi = {10.1111/j.1365-2966.2007.11861.x},
	eprint = {astro-ph/0703063},
	journal = {Mon. Not. Roy. Astron. Soc.},
	pages = {819-824},
	primaryclass = {astro-ph},
	slaccitation = {%%CITATION = ASTRO-PH/0703063;%%},
	title = {{Forecasting the Bayes factor of a future observation}},
	volume = {378},
	year = {2007},
	Bdsk-Url-1 = {http://dx.doi.org/10.1111/j.1365-2966.2007.11861.x}}

@article{Meerburg:2017xga,
	archiveprefix = {arXiv},
	author = {Meerburg, P. Daniel and Meyers, Joel and van Engelen, Alexander},
	date-added = {2019-04-05 16:34:24 +0000},
	date-modified = {2019-04-05 16:34:24 +0000},
	doi = {10.1103/PhysRevD.96.083519},
	eprint = {1704.00718},
	journal = {Phys. Rev.},
	number = {8},
	pages = {083519},
	primaryclass = {astro-ph.CO},
	slaccitation = {%%CITATION = ARXIV:1704.00718;%%},
	title = {{Reconstructing the Primary CMB Dipole}},
	volume = {D96},
	year = {2017},
	Bdsk-Url-1 = {http://dx.doi.org/10.1103/PhysRevD.96.083519}}

@article{Battaglia:2016xbi,
	archiveprefix = {arXiv},
	author = {Battaglia, Nicholas},
	date-added = {2019-04-05 15:35:37 +0000},
	date-modified = {2019-04-05 15:35:37 +0000},
	doi = {10.1088/1475-7516/2016/08/058},
	eprint = {1607.02442},
	journal = {JCAP},
	number = {08},
	pages = {058},
	primaryclass = {astro-ph.CO},
	slaccitation = {%%CITATION = ARXIV:1607.02442;%%},
	title = {{The Tau of Galaxy Clusters}},
	volume = {1608},
	year = {2016},
	Bdsk-Url-1 = {http://dx.doi.org/10.1088/1475-7516/2016/08/058}}

@article{Pen:2012hn,
	archiveprefix = {arXiv},
	author = {Pen, Ue-Li and Zhang, Pengjie},
	date-added = {2019-04-04 19:34:44 +0000},
	date-modified = {2019-04-04 19:34:44 +0000},
	doi = {10.1103/PhysRevD.89.063009},
	eprint = {1202.0107},
	journal = {Phys. Rev.},
	number = {6},
	pages = {063009},
	primaryclass = {astro-ph.CO},
	slaccitation = {%%CITATION = ARXIV:1202.0107;%%},
	title = {{Observational Consequences of Dark Energy Decay}},
	volume = {D89},
	year = {2014},
	Bdsk-Url-1 = {http://dx.doi.org/10.1103/PhysRevD.89.063009}}

@article{SZ80,
	adsnote = {Provided by the SAO/NASA Astrophysics Data System},
	adsurl = {http://adsabs.harvard.edu/abs/1980MNRAS.190..413S},
	author = {{Sunyaev}, R.~A. and {Zeldovich}, I.~B.},
	date-added = {2019-04-04 19:16:54 +0000},
	date-modified = {2019-04-04 19:16:54 +0000},
	journal = {MNRAS},
	keywords = {BACKGROUND RADIATION, GALACTIC CLUSTERS, MICROWAVE EMISSION, POLARIZED RADIATION, VELOCITY MEASUREMENT, BACKGROUND NOISE, COSMIC GASES, COSMOLOGY},
	month = feb,
	pages = {413-420},
	title = {{The velocity of clusters of galaxies relative to the microwave background - The possibility of its measurement}},
	volume = 190,
	year = 1980}

@article{Deutsch:2017cja,
	archiveprefix = {arXiv},
	author = {Deutsch, Anne-Sylvie and Johnson, Matthew C. and M{\"u}nchmeyer, Moritz and Terrana, Alexandra},
	date-added = {2019-04-04 19:05:30 +0000},
	date-modified = {2019-04-04 19:05:30 +0000},
	eprint = {1705.08907},
	primaryclass = {astro-ph.CO},
	reportnumber = {IGC-17-5-1},
	slaccitation = {%%CITATION = ARXIV:1705.08907;%%},
	title = {{Polarized Sunyaev Zel'dovich tomography}},
	year = {2017}}

@article{Hall2014,
	archiveprefix = {arXiv},
	arxivid = {1407.5135},
	author = {Hall, Alex and Challinor, Anthony},
	date-added = {2019-04-04 19:05:19 +0000},
	date-modified = {2019-04-04 19:05:19 +0000},
	doi = {10.1103/PhysRevD.90.063518},
	eprint = {1407.5135},
	issn = {1550-7998},
	journal = {Physical Review D},
	month = {sep},
	number = {6},
	pages = {063518},
	title = {{Detecting the polarization induced by scattering of the microwave background quadrupole in galaxy clusters}},
	url = {http://arxiv.org/abs/1407.5135 http://dx.doi.org/10.1103/PhysRevD.90.063518 https://link.aps.org/doi/10.1103/PhysRevD.90.063518},
	volume = {90},
	year = {2014},
	Bdsk-Url-1 = {http://arxiv.org/abs/1407.5135%20http://dx.doi.org/10.1103/PhysRevD.90.063518%20https://link.aps.org/doi/10.1103/PhysRevD.90.063518},
	Bdsk-Url-2 = {http://dx.doi.org/10.1103/PhysRevD.90.063518}}

@article{2012PhRvD..85l3540A,
	archiveprefix = {arXiv},
	author = {{Alizadeh}, E. and {Hirata}, C.~M.},
	date-added = {2019-04-04 19:05:08 +0000},
	date-modified = {2019-04-04 19:05:08 +0000},
	doi = {10.1103/PhysRevD.85.123540},
	eid = {123540},
	eprint = {1201.5374},
	journal = {Physical Review D},
	number = 12,
	pages = {123540},
	primaryclass = {astro-ph.CO},
	title = {{How to detect gravitational waves through the cross correlation of the galaxy distribution with the CMB polarization}},
	volume = 85,
	year = 2012,
	Bdsk-Url-1 = {http://dx.doi.org/10.1103/PhysRevD.85.123540}}

@article{Portsmouth2004,
	archiveprefix = {arXiv},
	arxivid = {astro-ph/0402173},
	author = {Portsmouth, Jamie},
	date-added = {2019-04-04 19:04:59 +0000},
	date-modified = {2019-04-04 19:04:59 +0000},
	eprint = {0402173},
	journal = {Physical Review D},
	month = {sep},
	number = {6},
	pages = {063504},
	title = {{Analysis of the Kamionkowski-Loeb method of reducing cosmic variance with CMB polarization}},
	volume = {70},
	year = {2004},
	Bdsk-Url-1 = {http://arxiv.org/abs/astro-ph/0402173},
	Bdsk-Url-2 = {http://dx.doi.org/10.1103/PhysRevD.70.063504}}

@article{Bunn2006,
	archiveprefix = {arXiv},
	arxivid = {astro-ph/0603271},
	author = {Bunn, Emory F.},
	date-added = {2019-04-04 19:04:52 +0000},
	date-modified = {2019-04-04 19:04:52 +0000},
	eprint = {0603271},
	journal = {Physical Review D},
	month = {jun},
	number = {12},
	pages = {123517},
	primaryclass = {astro-ph},
	title = {{Probing the Universe on gigaparsec scales with remote cosmic microwave background quadrupole measurements}},
	volume = {73},
	year = {2006},
	Bdsk-Url-1 = {http://arxiv.org/abs/astro-ph/0603271},
	Bdsk-Url-2 = {http://dx.doi.org/10.1103/PhysRevD.73.123517}}

@article{Kamionkowski1997,
	author = {Kamionkowski, Marc and Loeb, Abraham},
	date-added = {2019-04-04 19:04:43 +0000},
	date-modified = {2019-04-04 19:04:43 +0000},
	journal = {Physical Review D},
	month = {oct},
	number = {8},
	pages = {4511--4513},
	title = {{Getting around cosmic variance}},
	volume = {56},
	year = {1997},
	Bdsk-Url-1 = {http://arxiv.org/abs/astro-ph/9703118},
	Bdsk-Url-2 = {http://dx.doi.org/10.1103/PhysRevD.56.4511}}

@article{Sehgal:2019nmk,
	archiveprefix = {arXiv},
	author = {Sehgal, Neelima and others},
	date-added = {2019-04-04 18:57:19 +0000},
	date-modified = {2019-04-04 18:57:19 +0000},
	eprint = {1903.03263},
	primaryclass = {astro-ph.CO},
	slaccitation = {%%CITATION = ARXIV:1903.03263;%%},
	title = {{Science from an Ultra-Deep, High-Resolution Millimeter-Wave Survey}},
	year = {2019}}

@article{Terrana2016,
	archiveprefix = {arXiv},
	arxivid = {1610.06919},
	author = {Terrana, Alexandra and Harris, Mary-Jean and Johnson, Matthew C.},
	date-added = {2019-04-04 18:57:10 +0000},
	date-modified = {2019-04-04 18:57:10 +0000},
	eprint = {1610.06919},
	journal = {Journal of Cosmology and Astroparticle Physics},
	month = {feb},
	number = {02},
	pages = {040--040},
	title = {{Analyzing the cosmic variance limit of remote dipole measurements of the cosmic microwave background using the large-scale kinetic Sunyaev Zel'dovich effect}},
	volume = {2017},
	year = {2017},
	Bdsk-Url-1 = {http://arxiv.org/abs/1610.06919%20http://dx.doi.org/10.1088/1475-7516/2017/02/040%20http://stacks.iop.org/1475-7516/2017/i=02/a=040?key=crossref.1ba3b1ca0174bb00e5dcbb97d328a226},
	Bdsk-Url-2 = {http://dx.doi.org/10.1088/1475-7516/2017/02/040}}

@article{Hill:2016dta,
	archiveprefix = {arXiv},
	author = {Hill, J. Colin and Ferraro, Simone and Battaglia, Nick and Liu, Jia and Spergel, David N.},
	date-added = {2019-04-04 18:57:01 +0000},
	date-modified = {2019-04-04 18:57:01 +0000},
	doi = {10.1103/PhysRevLett.117.051301},
	eprint = {1603.01608},
	journal = {Phys. Rev. Lett.},
	number = {5},
	pages = {051301},
	primaryclass = {astro-ph.CO},
	slaccitation = {%%CITATION = ARXIV:1603.01608;%%},
	title = {{Kinematic Sunyaev-Zel'dovich Effect with Projected Fields: A Novel Probe of the Baryon Distribution with Planck, WMAP, and WISE Data}},
	volume = {117},
	year = {2016},
	Bdsk-Url-1 = {http://dx.doi.org/10.1103/PhysRevLett.117.051301}}

@article{Ferraro:2016ymw,
	archiveprefix = {arXiv},
	author = {Ferraro, Simone and Hill, J. Colin and Battaglia, Nick and Liu, Jia and Spergel, David N.},
	date-added = {2019-04-04 18:56:51 +0000},
	date-modified = {2019-04-04 18:56:51 +0000},
	eprint = {1605.02722},
	primaryclass = {astro-ph.CO},
	slaccitation = {%%CITATION = ARXIV:1605.02722;%%},
	title = {{The Kinematic Sunyaev-Zel'dovich Effect with Projected Fields II: prospects, challenges, and comparison with simulations}},
	year = {2016}}

@article{2016PhRvD..93h2002S,
	adsnote = {Provided by the SAO/NASA Astrophysics Data System},
	adsurl = {http://adsabs.harvard.edu/abs/2016PhRvD..93h2002S},
	author = {{Schaan}, E. and {Ferraro}, S. and {Vargas-Maga{\~n}a}, M. and {Smith}, K.~M. and {Ho}, S. and {Aiola}, S. and {Battaglia}, N. and {Bond}, J.~R. and {De Bernardis}, F. and {Calabrese}, E. and {Cho}, H.-M. and {Devlin}, M.~J. and {Dunkley}, J. and {Gallardo}, P.~A. and {Hasselfield}, M. and {Henderson}, S. and {Hill}, J.~C. and {Hincks}, A.~D. and {Hlozek}, R. and {Hubmayr}, J. and {Hughes}, J.~P. and {Irwin}, K.~D. and {Koopman}, B. and {Kosowsky}, A. and {Li}, D. and {Louis}, T. and {Lungu}, M. and {Madhavacheril}, M. and {Maurin}, L. and {McMahon}, J.~J. and {Moodley}, K. and {Naess}, S. and {Nati}, F. and {Newburgh}, L. and {Niemack}, M.~D. and {Page}, L.~A. and {Pappas}, C.~G. and {Partridge}, B. and {Schmitt}, B.~L. and {Sehgal}, N. and {Sherwin}, B.~D. and {Sievers}, J.~L. and {Spergel}, D.~N. and {Staggs}, S.~T. and {van Engelen}, A. and {Wollack}, E.~J. and {ACTPol Collaboration}},
	date-added = {2019-04-04 18:56:32 +0000},
	date-modified = {2019-04-04 18:56:32 +0000},
	doi = {10.1103/PhysRevD.93.082002},
	eid = {082002},
	journal = {Phys. Rev. D},
	month = apr,
	number = 8,
	pages = {082002},
	title = {{Evidence for the kinematic Sunyaev-Zel'dovich effect with the Atacama Cosmology Telescope and velocity reconstruction from the Baryon Oscillation Spectroscopic Survey}},
	volume = 93,
	year = 2016,
	Bdsk-Url-1 = {http://dx.doi.org/10.1103/PhysRevD.93.082002}}

@article{Munshi:2015anr,
	archiveprefix = {arXiv},
	author = {Munshi, D. and Iliev, I. T. and Dixon, K. L. and Coles, P.},
	date-added = {2019-04-04 18:56:03 +0000},
	date-modified = {2019-04-04 18:56:03 +0000},
	doi = {10.1093/mnras/stw2067},
	eprint = {1511.03449},
	primaryclass = {astro-ph.CO},
	slaccitation = {%%CITATION = ARXIV:1511.03449;%%},
	title = {{Extracting the late-time kinetic Sunyaev-Zel'dovich effect}},
	year = {2015},
	Bdsk-Url-1 = {http://dx.doi.org/10.1093/mnras/stw2067}}

@article{Zhang11b,
	author = {{Zhang}, P. and {Stebbins}, A.},
	date-added = {2019-04-04 18:55:42 +0000},
	date-modified = {2019-04-04 18:55:42 +0000},
	journal = {Physical Review Letters},
	month = jul,
	number = 4,
	pages = {041301},
	title = {{Confirmation of the Copernican Principle at Gpc Radial Scale and above from the Kinetic Sunyaev-Zel'dovich Effect Power Spectrum}},
	volume = 107,
	year = 2011,
	Bdsk-Url-1 = {http://dx.doi.org/10.1103/PhysRevLett.107.041301}}

@article{Zhang01,
	adsnote = {Provided by the SAO/NASA Astrophysics Data System},
	adsurl = {http://adsabs.harvard.edu/abs/2001ApJ...549...18Z},
	author = {{Zhang}, P. and {Pen}, U.-L.},
	date-added = {2019-04-04 18:55:42 +0000},
	date-modified = {2019-04-04 18:55:42 +0000},
	doi = {10.1086/319067},
	eprint = {astro-ph/0007462},
	journal = {Astrophys. J.},
	keywords = {Cosmology: Cosmic Microwave Background, Cosmology: Theory, Galaxies: Clusters: General, Cosmology: Large-Scale Structure of Universe},
	month = mar,
	pages = {18-27},
	title = {{Deprojecting Sunyaev-Zeldovich Statistics}},
	volume = 549,
	year = 2001,
	Bdsk-Url-1 = {http://dx.doi.org/10.1086/319067}}

@article{Zhang10d,
	adsnote = {Provided by the SAO/NASA Astrophysics Data System},
	adsurl = {http://adsabs.harvard.edu/abs/2010MNRAS.407L..36Z},
	archiveprefix = {arXiv},
	author = {{Zhang}, P.},
	date-added = {2019-04-04 18:55:42 +0000},
	date-modified = {2019-04-04 18:55:42 +0000},
	doi = {10.1111/j.1745-3933.2010.00899.x},
	eprint = {1004.0990},
	journal = {MNRAS},
	keywords = {cosmology: observations, cosmology: theory, large-scale structure of Universe},
	month = sep,
	pages = {L36-L40},
	primaryclass = {astro-ph.CO},
	title = {{The dark flow induced small-scale kinetic Sunyaev-Zel'dovich effect}},
	volume = 407,
	year = 2010,
	Bdsk-Url-1 = {http://dx.doi.org/10.1111/j.1745-3933.2010.00899.x}}

@article{Shao11b,
	adsnote = {Provided by the SAO/NASA Astrophysics Data System},
	adsurl = {http://adsabs.harvard.edu/abs/2011MNRAS.413..628S},
	archiveprefix = {arXiv},
	author = {{Shao}, J. and {Zhang}, P. and {Lin}, W. and {Jing}, Y. and {Pan}, J.},
	date-added = {2019-04-04 18:55:30 +0000},
	date-modified = {2019-04-04 18:55:30 +0000},
	doi = {10.1111/j.1365-2966.2011.18166.x},
	eprint = {1004.1301},
	journal = {MNRAS},
	keywords = {cosmic background radiation, cosmology: observations, large-scale structure of Universe},
	month = may,
	pages = {628-642},
	primaryclass = {astro-ph.CO},
	title = {{Kinetic Sunyaev-Zel'dovich tomography with spectroscopic redshift surveys}},
	volume = 413,
	year = 2011,
	Bdsk-Url-1 = {http://dx.doi.org/10.1111/j.1365-2966.2011.18166.x}}

@article{Ho09,
	adsnote = {Provided by the SAO/NASA Astrophysics Data System},
	adsurl = {http://adsabs.harvard.edu/abs/2009arXiv0903.2845H},
	archiveprefix = {arXiv},
	author = {{Ho}, S. and {Dedeo}, S. and {Spergel}, D.},
	date-added = {2019-04-04 18:55:20 +0000},
	date-modified = {2019-04-04 18:55:20 +0000},
	eprint = {0903.2845},
	journal = {ArXiv e-prints},
	keywords = {Astrophysics - Cosmology and Extragalactic Astrophysics},
	month = mar,
	primaryclass = {astro-ph.CO},
	title = {{Finding the Missing Baryons Using CMB as a Backlight}},
	year = 2009}

@article{Elsner:2015aga,
	archiveprefix = {arXiv},
	author = {Elsner, Franz and Leistedt, Boris and Peiris, Hiranya V.},
	date-added = {2019-04-04 18:38:47 +0000},
	date-modified = {2019-04-04 18:38:47 +0000},
	doi = {10.1093/mnras/stv2777},
	eprint = {1509.08933},
	journal = {Mon. Not. Roy. Astron. Soc.},
	number = {2},
	pages = {2095-2104},
	primaryclass = {astro-ph.CO},
	slaccitation = {%%CITATION = ARXIV:1509.08933;%%},
	title = {{Unbiased methods for removing systematics from galaxy clustering measurements}},
	volume = {456},
	year = {2016},
	Bdsk-Url-1 = {http://dx.doi.org/10.1093/mnras/stv2777}}

@article{Newburgh:2016mwi,
	archiveprefix = {arXiv},
	author = {Newburgh, L. B. and others},
	booktitle = {{Proceedings, Ground-based and Airborne Telescopes VI: Edinburgh, United Kingdom, June 26-July 1, 2016}},
	date-added = {2019-04-04 18:33:50 +0000},
	date-modified = {2019-04-04 18:33:50 +0000},
	doi = {10.1117/12.2234286},
	eprint = {1607.02059},
	journal = {Proc. SPIE Int. Soc. Opt. Eng.},
	pages = {99065X},
	primaryclass = {astro-ph.IM},
	slaccitation = {%%CITATION = ARXIV:1607.02059;%%},
	title = {{HIRAX: A Probe of Dark Energy and Radio Transients}},
	volume = {9906},
	year = {2016},
	Bdsk-Url-1 = {http://dx.doi.org/10.1117/12.2234286}}

@article{Shaw:2013wza,
	archiveprefix = {arXiv},
	author = {Shaw, J. Richard and Sigurdson, Kris and Pen, Ue-Li and Stebbins, Albert and Sitwell, Michael},
	date-added = {2019-04-04 18:32:11 +0000},
	date-modified = {2019-04-04 18:32:11 +0000},
	doi = {10.1088/0004-637X/781/2/57},
	eprint = {1302.0327},
	journal = {Astrophys. J.},
	pages = {57},
	primaryclass = {astro-ph.CO},
	reportnumber = {FERMILAB-PUB-13-038-A},
	slaccitation = {%%CITATION = ARXIV:1302.0327;%%},
	title = {{All-Sky Interferometry with Spherical Harmonic Transit Telescopes}},
	volume = {781},
	year = {2014},
	Bdsk-Url-1 = {http://dx.doi.org/10.1088/0004-637X/781/2/57}}

@article{Ansari:2018ury,
	archiveprefix = {arXiv},
	author = {Ansari, R{\'e}za and others},
	collaboration = {Cosmic Visions 21 cm},
	date-added = {2019-04-04 18:30:26 +0000},
	date-modified = {2019-04-04 18:30:26 +0000},
	eprint = {1810.09572},
	primaryclass = {astro-ph.CO},
	reportnumber = {FERMILAB-PUB-18-594-A},
	slaccitation = {%%CITATION = ARXIV:1810.09572;%%},
	title = {{Inflation and Early Dark Energy with a Stage II Hydrogen Intensity Mapping experiment}},
	year = {2018}}

@article{Laureijs2011,
	archiveprefix = {arXiv},
	arxivid = {1110.3193},
	author = {Laureijs, R. and Amiaux, J. and Arduini, S. and Augu{\`{e}}res, J. -L. and Brinchmann, J. and Cole, R. and Cropper, M. and Dabin, C. and Duvet, L. and Ealet, A. and Garilli, B. and Gondoin, P. and Guzzo, L. and Hoar, J. and Hoekstra, H. and Holmes, R. and Kitching, T. and Maciaszek, T. and Mellier, Y. and Pasian, F. and Percival, W. and Rhodes, J. and Criado, G. Saavedra and Sauvage, M. and Scaramella, R. and Valenziano, L. and Warren, S. and Bender, R. and Castander, F. and Cimatti, A. and F{\`{e}}vre, O. Le and Kurki-Suonio, H. and Levi, M. and Lilje, P. and Meylan, G. and Nichol, R. and Pedersen, K. and Popa, V. and Lopez, R. Rebolo and Rix, H. -W. and Rottgering, H. and Zeilinger, W. and Grupp, F. and Hudelot, P. and Massey, R. and Meneghetti, M. and Miller, L. and Paltani, S. and Paulin-Henriksson, S. and Pires, S. and Saxton, C. and Schrabback, T. and Seidel, G. and Walsh, J. and Aghanim, N. and Amendola, L. and Bartlett, J. and Baccigalupi, C. and Beaulieu, J. -P. and Benabed, K. and Cuby, J. -G. and Elbaz, D. and Fosalba, P. and Gavazzi, G. and Helmi, A. and Hook, I. and Irwin, M. and Kneib, J. -P. and Kunz, M. and Mannucci, F. and Moscardini, L. and Tao, C. and Teyssier, R. and Weller, J. and Zamorani, G. and Osorio, M. R. Zapatero and Boulade, O. and Foumond, J. J. and {Di Giorgio}, A. and Guttridge, P. and James, A. and Kemp, M. and Martignac, J. and Spencer, A. and Walton, D. and Bl{\"{u}}mchen, T. and Bonoli, C. and Bortoletto, F. and Cerna, C. and Corcione, L. and Fabron, C. and Jahnke, K. and Ligori, S. and Madrid, F. and Martin, L. and Morgante, G. and Pamplona, T. and Prieto, E. and Riva, M. and Toledo, R. and Trifoglio, M. and Zerbi, F. and Abdalla, F. and Douspis, M. and Grenet, C. and Borgani, S. and Bouwens, R. and Courbin, F. and Delouis, J. -M. and Dubath, P. and Fontana, A. and Frailis, M. and Grazian, A. and Koppenh{\"{o}}fer, J. and Mansutti, O. and Melchior, M. and Mignoli, M. and Mohr, J. and Neissner, C. and Noddle, K. and Poncet, M. and Scodeggio, M. and Serrano, S. and Shane, N. and Starck, J. -L. and Surace, C. and Taylor, A. and Verdoes-Kleijn, G. and Vuerli, C. and Williams, O. R. and Zacchei, A. and Altieri, B. and Sanz, I. Escudero and Kohley, R. and Oosterbroek, T. and Astier, P. and Bacon, D. and Bardelli, S. and Baugh, C. and Bellagamba, F. and Benoist, C. and Bianchi, D. and Biviano, A. and Branchini, E. and Carbone, C. and Cardone, V. and Clements, D. and Colombi, S. and Conselice, C. and Cresci, G. and Deacon, N. and Dunlop, J. and Fedeli, C. and Fontanot, F. and Franzetti, P. and Giocoli, C. and Garcia-Bellido, J. and Gow, J. and Heavens, A. and Hewett, P. and Heymans, C. and Holland, A. and Huang, Z. and Ilbert, O. and Joachimi, B. and Jennins, E. and Kerins, E. and Kiessling, A. and Kirk, D. and Kotak, R. and Krause, O. and Lahav, O. and van Leeuwen, F. and Lesgourgues, J. and Lombardi, M. and Magliocchetti, M. and Maguire, K. and Majerotto, E. and Maoli, R. and Marulli, F. and Maurogordato, S. and McCracken, H. and McLure, R. and Melchiorri, A. and Merson, A. and Moresco, M. and Nonino, M. and Norberg, P. and Peacock, J. and Pello, R. and Penny, M. and Pettorino, V. and {Di Porto}, C. and Pozzetti, L. and Quercellini, C. and Radovich, M. and Rassat, A. and Roche, N. and Ronayette, S. and Rossetti, E. and Sartoris, B. and Schneider, P. and Semboloni, E. and Serjeant, S. and Simpson, F. and Skordis, C. and Smadja, G. and Smartt, S. and Spano, P. and Spiro, S. and Sullivan, M. and Tilquin, A. and Trotta, R. and Verde, L. and Wang, Y. and Williger, G. and Zhao, G. and Zoubian, J. and Zucca, E.},
	date-added = {2019-04-04 18:25:45 +0000},
	date-modified = {2019-04-04 18:25:45 +0000},
	eprint = {1110.3193},
	month = {oct},
	title = {{Euclid Definition Study Report}},
	year = {2011},
	Bdsk-Url-1 = {http://arxiv.org/abs/1110.3193}}

@article{Dore:2014cca,
	archiveprefix = {arXiv},
	author = {Dor{\'e}, Olivier and others},
	date-added = {2019-04-04 18:22:15 +0000},
	date-modified = {2019-04-04 18:22:15 +0000},
	eprint = {1412.4872},
	primaryclass = {astro-ph.CO},
	slaccitation = {%%CITATION = ARXIV:1412.4872;%%},
	title = {{Cosmology with the SPHEREX All-Sky Spectral Survey}},
	year = {2014}}

@article{Aghanim:2018eyx,
	archiveprefix = {arXiv},
	author = {Aghanim, N. and others},
	collaboration = {Planck},
	date-added = {2019-04-04 18:07:36 +0000},
	date-modified = {2019-04-04 18:07:36 +0000},
	eprint = {1807.06209},
	primaryclass = {astro-ph.CO},
	slaccitation = {%%CITATION = ARXIV:1807.06209;%%},
	title = {{Planck 2018 results. VI. Cosmological parameters}},
	year = {2018}}

@article{Obied:2018qdr,
	archiveprefix = {arXiv},
	author = {Obied, Georges and Dvorkin, Cora and Heinrich, Chen and Hu, Wayne and Miranda, V.},
	date-added = {2019-04-04 18:06:15 +0000},
	date-modified = {2019-04-04 18:06:15 +0000},
	doi = {10.1103/PhysRevD.98.043518},
	eprint = {1803.01858},
	journal = {Phys. Rev.},
	number = {4},
	pages = {043518},
	primaryclass = {astro-ph.CO},
	slaccitation = {%%CITATION = ARXIV:1803.01858;%%},
	title = {{Inflationary versus reionization features from $Planck$ 2015 data}},
	volume = {D98},
	year = {2018},
	Bdsk-Url-1 = {http://dx.doi.org/10.1103/PhysRevD.98.043518}}

@article{Palma:2017wxu,
	archiveprefix = {arXiv},
	author = {Palma, Gonzalo A. and Sapone, Domenico and Sypsas, Spyros},
	date-added = {2019-04-04 16:00:11 +0000},
	date-modified = {2019-04-04 16:00:11 +0000},
	doi = {10.1088/1475-7516/2018/06/004},
	eprint = {1710.02570},
	journal = {JCAP},
	number = {06},
	pages = {004},
	primaryclass = {astro-ph.CO},
	slaccitation = {%%CITATION = ARXIV:1710.02570;%%},
	title = {{Constraints on inflation with LSS surveys: features in the primordial power spectrum}},
	volume = {1806},
	year = {2018},
	Bdsk-Url-1 = {http://dx.doi.org/10.1088/1475-7516/2018/06/004}}

@article{Ballardini:2017qwq,
	archiveprefix = {arXiv},
	author = {Ballardini, Mario and Finelli, Fabio and Maartens, Roy and Moscardini, Lauro},
	date-added = {2019-04-04 15:59:16 +0000},
	date-modified = {2019-04-04 15:59:16 +0000},
	doi = {10.1088/1475-7516/2018/04/044},
	eprint = {1712.07425},
	journal = {JCAP},
	number = {04},
	pages = {044},
	primaryclass = {astro-ph.CO},
	slaccitation = {%%CITATION = ARXIV:1712.07425;%%},
	title = {{Probing primordial features with next-generation photometric and radio surveys}},
	volume = {1804},
	year = {2018},
	Bdsk-Url-1 = {http://dx.doi.org/10.1088/1475-7516/2018/04/044}}

@article{Chen:2016zuu,
	archiveprefix = {arXiv},
	author = {Chen, Xingang and Meerburg, P. Daniel and M{\"u}nchmeyer, Moritz},
	date-added = {2019-04-04 15:55:41 +0000},
	date-modified = {2019-04-04 15:55:41 +0000},
	doi = {10.1088/1475-7516/2016/09/023},
	eprint = {1605.09364},
	journal = {JCAP},
	number = {09},
	pages = {023},
	primaryclass = {astro-ph.CO},
	slaccitation = {%%CITATION = ARXIV:1605.09364;%%},
	title = {{The Future of Primordial Features with 21 cm Tomography}},
	volume = {1609},
	year = {2016},
	Bdsk-Url-1 = {http://dx.doi.org/10.1088/1475-7516/2016/09/023}}

@article{Chen:2016vvw,
	archiveprefix = {arXiv},
	author = {Chen, Xingang and Dvorkin, Cora and Huang, Zhiqi and Namjoo, Mohammad Hossein and Verde, Licia},
	date-added = {2019-04-04 15:54:04 +0000},
	date-modified = {2019-04-04 15:54:04 +0000},
	doi = {10.1088/1475-7516/2016/11/014},
	eprint = {1605.09365},
	journal = {JCAP},
	number = {11},
	pages = {014},
	primaryclass = {astro-ph.CO},
	slaccitation = {%%CITATION = ARXIV:1605.09365;%%},
	title = {{The Future of Primordial Features with Large-Scale Structure Surveys}},
	volume = {1611},
	year = {2016},
	Bdsk-Url-1 = {http://dx.doi.org/10.1088/1475-7516/2016/11/014}}

@article{Muir:2016veb,
	archiveprefix = {arXiv},
	author = {Muir, Jessica and Huterer, Dragan},
	date-added = {2019-04-04 15:52:33 +0000},
	date-modified = {2019-04-04 15:52:33 +0000},
	doi = {10.1103/PhysRevD.94.043503},
	eprint = {1603.06586},
	journal = {Phys. Rev.},
	number = {4},
	pages = {043503},
	primaryclass = {astro-ph.CO},
	slaccitation = {%%CITATION = ARXIV:1603.06586;%%},
	title = {{Reconstructing the integrated Sachs-Wolfe map with galaxy surveys}},
	volume = {D94},
	year = {2016},
	Bdsk-Url-1 = {http://dx.doi.org/10.1103/PhysRevD.94.043503}}

@article{Copi:2016hhq,
	archiveprefix = {arXiv},
	author = {Copi, Craig J. and O'Dwyer, M{\'a}rcio and Starkman, Glenn D.},
	date-added = {2019-04-04 15:52:01 +0000},
	date-modified = {2019-04-04 15:52:01 +0000},
	doi = {10.1093/mnras/stw2163},
	eprint = {1605.09732},
	journal = {Mon. Not. Roy. Astron. Soc.},
	number = {3},
	pages = {3305-3310},
	primaryclass = {astro-ph.CO},
	slaccitation = {%%CITATION = ARXIV:1605.09732;%%},
	title = {{The ISW effect and the lack of large-angle CMB temperature correlations}},
	volume = {463},
	year = {2016},
	Bdsk-Url-1 = {http://dx.doi.org/10.1093/mnras/stw2163}}

@article{ODwyer:2016xov,
	archiveprefix = {arXiv},
	author = {O'Dwyer, Marcio and Copi, Craig J. and Knox, Lloyd and Starkman, Glenn D.},
	date-added = {2019-04-04 15:51:35 +0000},
	date-modified = {2019-04-04 15:51:35 +0000},
	doi = {10.1093/mnras/stx1179},
	eprint = {1608.02234},
	journal = {Mon. Not. Roy. Astron. Soc.},
	number = {1},
	pages = {372-378},
	primaryclass = {astro-ph.CO},
	slaccitation = {%%CITATION = ARXIV:1608.02234;%%},
	title = {{CMB-S4 and the Hemispherical Variance Anomaly}},
	volume = {470},
	year = {2017},
	Bdsk-Url-1 = {http://dx.doi.org/10.1093/mnras/stx1179}}

@article{Bunn:2016kwh,
	archiveprefix = {arXiv},
	author = {Bunn, Emory F. and Xue, Qingyang and Zheng, Haoxuan},
	date-added = {2019-04-04 15:50:39 +0000},
	date-modified = {2019-04-04 15:50:39 +0000},
	doi = {10.1103/PhysRevD.94.103512},
	eprint = {1608.05070},
	journal = {Phys. Rev.},
	number = {10},
	pages = {103512},
	primaryclass = {astro-ph.CO},
	slaccitation = {%%CITATION = ARXIV:1608.05070;%%},
	title = {{Testing cosmological models with large-scale power modulation using microwave background polarization observations}},
	volume = {D94},
	year = {2016},
	Bdsk-Url-1 = {http://dx.doi.org/10.1103/PhysRevD.94.103512}}

@article{Foreman:2018lci,
	archiveprefix = {arXiv},
	author = {Foreman, Simon and Meerburg, P. Daniel and Meyers, Joel and van Engelen, Alexander},
	date-added = {2019-04-04 15:47:33 +0000},
	date-modified = {2019-04-04 15:47:33 +0000},
	eprint = {1811.00529},
	primaryclass = {astro-ph.CO},
	slaccitation = {%%CITATION = ARXIV:1811.00529;%%},
	title = {{Cosmic variance mitigation in measurements of the integrated Sachs-Wolfe effect}},
	year = {2018}}

@article{Billi:2019vvg,
	archiveprefix = {arXiv},
	author = {Billi, M. and Gruppuso, A. and Mandolesi, N. and Moscardini, L. and Natoli, P.},
	date-added = {2019-04-04 15:46:24 +0000},
	date-modified = {2019-04-04 15:46:24 +0000},
	eprint = {1901.04762},
	primaryclass = {astro-ph.CO},
	slaccitation = {%%CITATION = ARXIV:1901.04762;%%},
	title = {{Polarisation as a tracer of CMB anomalies: Planck results and future forecasts}},
	year = {2019}}

@article{Copi:2013zja,
	archiveprefix = {arXiv},
	author = {Copi, C. J. and Huterer, D. and Schwarz, D. J. and Starkman, G. D.},
	date-added = {2019-04-04 15:38:33 +0000},
	date-modified = {2019-04-04 15:38:33 +0000},
	doi = {10.1093/mnras/stt1287},
	eprint = {1303.4786},
	journal = {Mon. Not. Roy. Astron. Soc.},
	pages = {3590-3596},
	primaryclass = {astro-ph.CO},
	slaccitation = {%%CITATION = ARXIV:1303.4786;%%},
	title = {{Large-Angle CMB Suppression and Polarization Predictions}},
	volume = {434},
	year = {2013},
	Bdsk-Url-1 = {http://dx.doi.org/10.1093/mnras/stt1287}}

@article{Yoho:2013tta,
	archiveprefix = {arXiv},
	author = {Yoho, A. and Copi, C. J. and Starkman, G. D. and Kosowsky, A.},
	date-added = {2019-04-04 15:38:12 +0000},
	date-modified = {2019-04-04 15:38:12 +0000},
	doi = {10.1093/mnras/stu942},
	eprint = {1310.7603},
	journal = {Mon. Not. Roy. Astron. Soc.},
	number = {3},
	pages = {2392-2397},
	primaryclass = {astro-ph.CO},
	slaccitation = {%%CITATION = ARXIV:1310.7603;%%},
	title = {{Probing Large-Angle Correlations with the Microwave Background Temperature and Lensing Cross Correlation}},
	volume = {442},
	year = {2014},
	Bdsk-Url-1 = {http://dx.doi.org/10.1093/mnras/stu942}}

@article{Yoho:2015bla,
	archiveprefix = {arXiv},
	author = {Yoho, Amanda and Aiola, Simone and Copi, Craig J. and Kosowsky, Arthur and Starkman, Glenn D.},
	date-added = {2019-04-04 15:36:19 +0000},
	date-modified = {2019-04-04 15:36:19 +0000},
	doi = {10.1103/PhysRevD.91.123504},
	eprint = {1503.05928},
	journal = {Phys. Rev.},
	number = {12},
	pages = {123504},
	primaryclass = {astro-ph.CO},
	slaccitation = {%%CITATION = ARXIV:1503.05928;%%},
	title = {{Microwave Background Polarization as a Probe of Large-Angle Correlations}},
	volume = {D91},
	year = {2015},
	Bdsk-Url-1 = {http://dx.doi.org/10.1103/PhysRevD.91.123504}}

@article{Tauber2010,
	adsnote = {Provided by the SAO/NASA Astrophysics Data System},
	adsurl = {http://adsabs.harvard.edu/abs/2010A%26A...520A...1T},
	author = {{Tauber}, J.~A. and {Mandolesi}, N. and {Puget}, {J.-L.} and others},
	date-added = {2019-04-04 15:22:20 +0000},
	date-modified = {2019-04-04 15:22:20 +0000},
	doi = {10.1051/0004-6361/200912983},
	journal = {A\&A},
	keywords = {cosmic microwave background, space vehicles: instruments, instrumentation: detectors, instrumentation: polarimeters, submillimeter: general, radio continuum: general},
	month = sep,
	title = {{Planck pre-launch status: The Planck mission}},
	volume = 520,
	year = 2010,
	Bdsk-Url-1 = {http://dx.doi.org/10.1051/0004-6361/200912983}}

@article{Bennett:2003ba,
	archiveprefix = {arXiv},
	author = {Bennett, C. L. and others},
	collaboration = {WMAP},
	date-added = {2019-04-04 15:22:09 +0000},
	date-modified = {2019-04-04 15:22:09 +0000},
	doi = {10.1086/345346},
	eprint = {astro-ph/0301158},
	journal = {Astrophys. J.},
	pages = {1-23},
	slaccitation = {%%CITATION = ASTRO-PH/0301158;%%},
	title = {{The Microwave Anisotropy Probe (MAP) Mission}},
	volume = {583},
	year = {2003},
	Bdsk-Url-1 = {http://dx.doi.org/10.1086/345346}}

@article{Jimenez:2019cll,
	archiveprefix = {arXiv},
	author = {Jimenez, Raul and Maartens, Roy and Khalifeh, Ali Rida and Caldwell, Robert R. and Heavens, Alan F. and Verde, Licia},
	date-added = {2019-03-05 21:46:01 +0000},
	date-modified = {2019-03-05 21:46:01 +0000},
	eprint = {1902.11298},
	primaryclass = {astro-ph.CO},
	slaccitation = {%%CITATION = ARXIV:1902.11298;%%},
	title = {{Measuring the Homogeneity of the Universe}},
	year = {2019}}

@article{Louis:2017hoh,
	archiveprefix = {arXiv},
	author = {Louis, Thibaut and Bunn, Emory F. and Wandelt, Benjamin and Silk, Joseph},
	date-added = {2019-03-05 21:45:48 +0000},
	date-modified = {2019-03-05 21:45:48 +0000},
	doi = {10.1103/PhysRevD.96.123509},
	eprint = {1707.04102},
	journal = {Phys. Rev.},
	number = {12},
	pages = {123509},
	primaryclass = {astro-ph.CO},
	slaccitation = {%%CITATION = ARXIV:1707.04102;%%},
	title = {{Measuring Polarized Emission in Clusters in the CMB S4 Era}},
	volume = {D96},
	year = {2017},
	Bdsk-Url-1 = {http://dx.doi.org/10.1103/PhysRevD.96.123509}}

@article{Meyers:2017rtf,
	archiveprefix = {arXiv},
	author = {Meyers, Joel and Meerburg, P. Daniel and van Engelen, Alexander and Battaglia, Nicholas},
	date-added = {2019-03-05 21:45:37 +0000},
	date-modified = {2019-03-05 21:45:37 +0000},
	doi = {10.1103/PhysRevD.97.103505},
	eprint = {1710.01708},
	journal = {Phys. Rev.},
	number = {10},
	pages = {103505},
	primaryclass = {astro-ph.CO},
	slaccitation = {%%CITATION = ARXIV:1710.01708;%%},
	title = {{Beyond CMB cosmic variance limits on reionization with the polarized Sunyaev-Zel'dovich effect}},
	volume = {D97},
	year = {2018},
	Bdsk-Url-1 = {http://dx.doi.org/10.1103/PhysRevD.97.103505}}

@article{Ade:2018sbj,
	archiveprefix = {arXiv},
	author = {Aguirre, James and others},
	collaboration = {Simons Observatory},
	date-added = {2019-03-05 21:45:15 +0000},
	date-modified = {2019-03-05 21:45:15 +0000},
	doi = {10.1088/1475-7516/2019/02/056},
	eprint = {1808.07445},
	journal = {JCAP},
	pages = {056},
	primaryclass = {astro-ph.CO},
	slaccitation = {%%CITATION = ARXIV:1808.07445;%%},
	title = {{The Simons Observatory: Science goals and forecasts}},
	volume = {1902},
	year = {2019},
	Bdsk-Url-1 = {http://dx.doi.org/10.1088/1475-7516/2019/02/056}}

@article{Madhavacheril:2019buy,
	archiveprefix = {arXiv},
	author = {Madhavacheril, Mathew S. and Battaglia, Nicholas and Smith, Kendrick M. and Sievers, Jonathan L.},
	date-added = {2019-03-05 21:44:51 +0000},
	date-modified = {2019-03-05 21:44:51 +0000},
	eprint = {1901.02418},
	primaryclass = {astro-ph.CO},
	slaccitation = {%%CITATION = ARXIV:1901.02418;%%},
	title = {{Cosmology with kSZ: breaking the optical depth degeneracy with Fast Radio Bursts}},
	year = {2019}}

@article{Deutsch:2017ybc,
	archiveprefix = {arXiv},
	author = {Deutsch, Anne-Sylvie and Dimastrogiovanni, Emanuela and Johnson, Matthew C. and M{\"u}nchmeyer, Moritz and Terrana, Alexandra},
	date-added = {2019-03-05 21:44:00 +0000},
	date-modified = {2019-03-05 21:44:00 +0000},
	doi = {10.1103/PhysRevD.98.123501},
	eprint = {1707.08129},
	journal = {Phys. Rev.},
	number = {12},
	pages = {123501},
	primaryclass = {astro-ph.CO},
	slaccitation = {%%CITATION = ARXIV:1707.08129;%%},
	title = {{Reconstruction of the remote dipole and quadrupole fields from the kinetic Sunyaev Zel'dovich and polarized Sunyaev Zel'dovich effects}},
	volume = {D98},
	year = {2018},
	Bdsk-Url-1 = {http://dx.doi.org/10.1103/PhysRevD.98.123501}}

@article{Cayuso:2018lhv,
	archiveprefix = {arXiv},
	author = {Cayuso, Juan I. and Johnson, Matthew C. and Mertens, James B.},
	date-added = {2019-03-05 21:43:44 +0000},
	date-modified = {2019-03-05 21:43:44 +0000},
	doi = {10.1103/PhysRevD.98.063502},
	eprint = {1806.01290},
	journal = {Phys. Rev.},
	number = {6},
	pages = {063502},
	primaryclass = {astro-ph.CO},
	slaccitation = {%%CITATION = ARXIV:1806.01290;%%},
	title = {{Simulated reconstruction of the remote dipole field using the kinetic Sunyaev Zel'dovich effect}},
	volume = {D98},
	year = {2018},
	Bdsk-Url-1 = {http://dx.doi.org/10.1103/PhysRevD.98.063502}}

@article{Deutsch:2018umo,
	archiveprefix = {arXiv},
	author = {Deutsch, Anne-Sylvie and Dimastrogiovanni, Emanuela and Fasiello, Matteo and Johnson, Matthew C. and M{\"u}nchmeyer, Moritz},
	date-added = {2019-03-05 21:43:25 +0000},
	date-modified = {2019-03-05 21:43:25 +0000},
	eprint = {1810.09463},
	primaryclass = {astro-ph.CO},
	slaccitation = {%%CITATION = ARXIV:1810.09463;%%},
	title = {{Primordial gravitational wave phenomenology with polarized Sunyaev Zel'dovich tomography}},
	year = {2018}}

@article{Smith:2018bpn,
	archiveprefix = {arXiv},
	author = {Smith, Kendrick M. and Madhavacheril, Mathew S. and M{\"u}nchmeyer, Moritz and Ferraro, Simone and Giri, Utkarsh and Johnson, Matthew C.},
	date-added = {2019-03-05 21:43:17 +0000},
	date-modified = {2019-03-05 21:43:17 +0000},
	eprint = {1810.13423},
	primaryclass = {astro-ph.CO},
	slaccitation = {%%CITATION = ARXIV:1810.13423;%%},
	title = {{KSZ tomography and the bispectrum}},
	year = {2018}}

@article{Munchmeyer:2018eey,
	archiveprefix = {arXiv},
	author = {M{\"u}nchmeyer, Moritz and Madhavacheril, Mathew S. and Ferraro, Simone and Johnson, Matthew C. and Smith, Kendrick M.},
	date-added = {2019-03-05 21:43:08 +0000},
	date-modified = {2019-03-05 21:43:08 +0000},
	eprint = {1810.13424},
	primaryclass = {astro-ph.CO},
	slaccitation = {%%CITATION = ARXIV:1810.13424;%%},
	title = {{Constraining local non-Gaussianities with kSZ tomography}},
	year = {2018}}

@article{2009JCAP...09..011H,
	adsnote = {Provided by the SAO/NASA Astrophysics Data System},
	adsurl = {https://ui.adsabs.harvard.edu/\#abs/2009JCAP...09..011H},
	archiveprefix = {arXiv},
	author = {{Hirata}, Christopher M.},
	date-added = {2019-03-05 20:36:34 +0000},
	date-modified = {2019-03-05 20:36:34 +0000},
	doi = {10.1088/1475-7516/2009/09/011},
	eid = {011},
	eprint = {0907.0703},
	journal = {Journal of Cosmology and Astro-Particle Physics},
	keywords = {Astrophysics - Cosmology and Extragalactic Astrophysics},
	month = {Sep},
	pages = {011},
	primaryclass = {astro-ph.CO},
	title = {{Constraints on cosmic hemispherical power anomalies from quasars}},
	volume = {2009},
	year = {2009},
	Bdsk-Url-1 = {http://dx.doi.org/10.1088/1475-7516/2009/09/011}}

@article{Contreras:2017qkc,
	archiveprefix = {arXiv},
	author = {Contreras, D. and Hutchinson, J. and Moss, A. and Scott, D. and Zibin, J. P.},
	date-added = {2019-03-05 20:35:41 +0000},
	date-modified = {2019-03-05 20:35:41 +0000},
	doi = {10.1103/PhysRevD.97.063504},
	eprint = {1709.10134},
	journal = {Phys. Rev.},
	number = {6},
	pages = {063504},
	primaryclass = {astro-ph.CO},
	slaccitation = {%%CITATION = ARXIV:1709.10134;%%},
	title = {{Closing in on the large-scale CMB power asymmetry}},
	volume = {D97},
	year = {2018},
	Bdsk-Url-1 = {http://dx.doi.org/10.1103/PhysRevD.97.063504}}

@article{Prunet:2004zy,
	archiveprefix = {arXiv},
	author = {Prunet, Simon and Uzan, Jean-Philippe and Bernardeau, Francis and Brunier, Tristan},
	date-added = {2019-03-05 20:35:41 +0000},
	date-modified = {2019-03-05 20:35:41 +0000},
	doi = {10.1103/PhysRevD.71.083508},
	eprint = {astro-ph/0406364},
	journal = {Phys. Rev.},
	pages = {083508},
	primaryclass = {astro-ph},
	slaccitation = {%%CITATION = ASTRO-PH/0406364;%%},
	title = {{Constraints on mode couplings and modulation of the CMB with WMAP data}},
	volume = {D71},
	year = {2005},
	Bdsk-Url-1 = {http://dx.doi.org/10.1103/PhysRevD.71.083508}}

@article{Zibin:2015ccn,
	archiveprefix = {arXiv},
	author = {Zibin, J. P. and Contreras, D.},
	date-added = {2019-03-05 20:35:41 +0000},
	date-modified = {2019-03-05 20:35:41 +0000},
	doi = {10.1103/PhysRevD.95.063011},
	eprint = {1512.02618},
	journal = {Phys. Rev.},
	number = {6},
	pages = {063011},
	primaryclass = {astro-ph.CO},
	slaccitation = {%%CITATION = ARXIV:1512.02618;%%},
	title = {{Testing physical models for dipolar asymmetry: from temperature to k space to lensing}},
	volume = {D95},
	year = {2017},
	Bdsk-Url-1 = {http://dx.doi.org/10.1103/PhysRevD.95.063011}}

@article{Contreras:2017zjv,
	archiveprefix = {arXiv},
	author = {Contreras, D. and Zibin, J. P. and Scott, D. and Banday, A. J. and G{\'o}rski, K. M.},
	date-added = {2019-03-05 20:35:41 +0000},
	date-modified = {2019-03-05 20:35:41 +0000},
	doi = {10.1103/PhysRevD.96.123522},
	eprint = {1704.03143},
	journal = {Phys. Rev.},
	number = {12},
	pages = {123522},
	primaryclass = {astro-ph.CO},
	slaccitation = {%%CITATION = ARXIV:1704.03143;%%},
	title = {{Testing physical models for dipolar asymmetry with CMB polarization}},
	volume = {D96},
	year = {2017},
	Bdsk-Url-1 = {http://dx.doi.org/10.1103/PhysRevD.96.123522}}

@article{Dai:2013kfa,
	archiveprefix = {arXiv},
	author = {Dai, Liang and Jeong, Donghui and Kamionkowski, Marc and Chluba, Jens},
	date-added = {2019-03-05 20:35:41 +0000},
	date-modified = {2019-03-05 20:35:41 +0000},
	doi = {10.1103/PhysRevD.87.123005},
	eprint = {1303.6949},
	journal = {Phys. Rev.},
	number = {12},
	pages = {123005},
	primaryclass = {astro-ph.CO},
	slaccitation = {%%CITATION = ARXIV:1303.6949;%%},
	title = {{The Pesky Power Asymmetry}},
	volume = {D87},
	year = {2013},
	Bdsk-Url-1 = {http://dx.doi.org/10.1103/PhysRevD.87.123005}}

@article{Shiraishi:2016omb,
	archiveprefix = {arXiv},
	author = {Shiraishi, Maresuke and Mu{\~n}oz, Julian B. and Kamionkowski, Marc and Raccanelli, Alvise},
	date-added = {2019-03-05 20:35:41 +0000},
	date-modified = {2019-03-05 20:35:41 +0000},
	doi = {10.1103/PhysRevD.93.103506},
	eprint = {1603.01206},
	journal = {Phys. Rev.},
	number = {10},
	pages = {103506},
	primaryclass = {astro-ph.CO},
	reportnumber = {IPMU16-0028},
	slaccitation = {%%CITATION = ARXIV:1603.01206;%%},
	title = {{Violation of statistical isotropy and homogeneity in the 21-cm power spectrum}},
	volume = {D93},
	year = {2016},
	Bdsk-Url-1 = {http://dx.doi.org/10.1103/PhysRevD.93.103506}}

@article{1510.07929,
	archiveprefix = {arXiv},
	author = {Schwarz, Dominik J. and Copi, Craig J. and Huterer, Dragan and Starkman, Glenn D.},
	doi = {10.1088/0264-9381/33/18/184001},
	eprint = {1510.07929},
	journal = {Class. Quant. Grav.},
	number = {18},
	pages = {184001},
	primaryclass = {astro-ph.CO},
	slaccitation = {%%CITATION = ARXIV:1510.07929;%%},
	title = {{CMB Anomalies after Planck}},
	volume = {33},
	year = {2016},
	Bdsk-Url-1 = {http://dx.doi.org/10.1088/0264-9381/33/18/184001}}

@article{PhysRevD.98.063502,
	author = {Cayuso, Juan I. and Johnson, Matthew C. and Mertens, James B.},
	doi = {10.1103/PhysRevD.98.063502},
	issue = {6},
	journal = {Phys. Rev. D},
	month = {Sep},
	numpages = {13},
	pages = {063502},
	publisher = {American Physical Society},
	title = {Simulated reconstruction of the remote dipole field using the kinetic Sunyaev Zel'dovich effect},
	url = {https://link.aps.org/doi/10.1103/PhysRevD.98.063502},
	volume = {98},
	year = {2018},
	Bdsk-Url-1 = {https://link.aps.org/doi/10.1103/PhysRevD.98.063502},
	Bdsk-Url-2 = {http://dx.doi.org/10.1103/PhysRevD.98.063502}}

@article{1203.4219,
	archiveprefix = {arXiv},
	author = {Hand, Nick and others},
	doi = {10.1103/PhysRevLett.109.041101},
	eprint = {1203.4219},
	journal = {Phys. Rev. Lett.},
	pages = {041101},
	primaryclass = {astro-ph.CO},
	slaccitation = {%%CITATION = ARXIV:1203.4219;%%},
	title = {{Evidence of Galaxy Cluster Motions with the Kinematic Sunyaev-Zel'dovich Effect}},
	volume = {109},
	year = {2012},
	Bdsk-Url-1 = {http://dx.doi.org/10.1103/PhysRevLett.109.041101}}

@article{1607.02139,
	archiveprefix = {arXiv},
	author = {De Bernardis, F. and others},
	doi = {10.1088/1475-7516/2017/03/008},
	eprint = {1607.02139},
	journal = {JCAP},
	number = {03},
	pages = {008},
	primaryclass = {astro-ph.CO},
	slaccitation = {%%CITATION = ARXIV:1607.02139;%%},
	title = {{Detection of the pairwise kinematic Sunyaev-Zel'dovich effect with BOSS DR11 and the Atacama Cosmology Telescope}},
	volume = {1703},
	year = {2017},
	Bdsk-Url-1 = {http://dx.doi.org/10.1088/1475-7516/2017/03/008}}

@article{1603.03904,
	archiveprefix = {arXiv},
	author = {Soergel, B. and others},
	collaboration = {DES, SPT},
	doi = {10.1093/mnras/stw1455},
	eprint = {1603.03904},
	journal = {Mon. Not. Roy. Astron. Soc.},
	number = {3},
	pages = {3172-3193},
	primaryclass = {astro-ph.CO},
	reportnumber = {DES-2015-0154, FERMILAB-PUB-16-036-AE},
	slaccitation = {%%CITATION = ARXIV:1603.03904;%%},
	title = {{Detection of the kinematic Sunyaev--Zel'dovich effect with DES Year 1 and SPT}},
	volume = {461},
	year = {2016},
	Bdsk-Url-1 = {http://dx.doi.org/10.1093/mnras/stw1455}}

@article{1504.03339,
	archiveprefix = {arXiv},
	author = {Ade, P. A. R. and others},
	collaboration = {Planck},
	doi = {10.1051/0004-6361/201526328},
	eprint = {1504.03339},
	journal = {Astron. Astrophys.},
	pages = {A140},
	primaryclass = {astro-ph.CO},
	slaccitation = {%%CITATION = ARXIV:1504.03339;%%},
	title = {{Planck intermediate results. XXXVII. Evidence of unbound gas from the kinetic Sunyaev-Zeldovich effect}},
	volume = {586},
	year = {2016},
	Bdsk-Url-1 = {http://dx.doi.org/10.1051/0004-6361/201526328}}

@article{1610.02743,
	archiveprefix = {arXiv},
	author = {Abazajian, Kevork N. and others},
	collaboration = {CMB-S4},
	eprint = {1610.02743},
	primaryclass = {astro-ph.CO},
	reportnumber = {FERMILAB-FN-1024-A-AE},
	slaccitation = {%%CITATION = ARXIV:1610.02743;%%},
	title = {{CMB-S4 Science Book, First Edition}},
	year = {2016}}

@article{astro-ph/9703118,
	archiveprefix = {arXiv},
	author = {Kamionkowski, Marc and Loeb, Abraham},
	doi = {10.1103/PhysRevD.56.4511},
	eprint = {astro-ph/9703118},
	journal = {Phys. Rev.},
	pages = {4511-4513},
	primaryclass = {astro-ph},
	reportnumber = {CU-TP-822, CAL-632, CFA-4578},
	slaccitation = {%%CITATION = ASTRO-PH/9703118;%%},
	title = {{Getting around cosmic variance}},
	volume = {D56},
	year = {1997},
	Bdsk-Url-1 = {http://dx.doi.org/10.1103/PhysRevD.56.4511}}

@article{0711.3459,
	archiveprefix = {arXiv},
	author = {Caldwell, R. R. and Stebbins, A.},
	doi = {10.1103/PhysRevLett.100.191302},
	eprint = {0711.3459},
	journal = {Phys. Rev. Lett.},
	pages = {191302},
	primaryclass = {astro-ph},
	reportnumber = {FERMILAB-PUB-07-824-A},
	slaccitation = {%%CITATION = ARXIV:0711.3459;%%},
	title = {{A Test of the Copernican Principle}},
	volume = {100},
	year = {2008},
	Bdsk-Url-1 = {http://dx.doi.org/10.1103/PhysRevLett.100.191302}}

@article{1009.3967,
	archiveprefix = {arXiv},
	author = {Zhang, Pengjie and Stebbins, Albert},
	doi = {10.1103/PhysRevLett.107.041301},
	eprint = {1009.3967},
	journal = {Phys. Rev. Lett.},
	pages = {041301},
	primaryclass = {astro-ph.CO},
	reportnumber = {FERMILAB-PUB-10-373-A},
	slaccitation = {%%CITATION = ARXIV:1009.3967;%%},
	title = {{Confirmation of the Copernican principle at Gpc radial scale and above from the kinetic Sunyaev Zel'dovich effect power spectrum}},
	volume = {107},
	year = {2011},
	Bdsk-Url-1 = {http://dx.doi.org/10.1103/PhysRevLett.107.041301}}

@article{1111.3794,
	archiveprefix = {arXiv},
	author = {Clifton, Timothy and Clarkson, Chris and Bull, Philip},
	doi = {10.1103/PhysRevLett.109.051303},
	eprint = {1111.3794},
	journal = {Phys. Rev. Lett.},
	pages = {051303},
	primaryclass = {gr-qc},
	slaccitation = {%%CITATION = ARXIV:1111.3794;%%},
	title = {{The isotropic blackbody CMB as evidence for a homogeneous universe}},
	volume = {109},
	year = {2012},
	Bdsk-Url-1 = {http://dx.doi.org/10.1103/PhysRevLett.109.051303}}

@article{1104.1300,
	archiveprefix = {arXiv},
	author = {Maartens, Roy},
	doi = {10.1098/rsta.2011.0289},
	eprint = {1104.1300},
	journal = {Phil. Trans. Roy. Soc. Lond.},
	pages = {5115-5137},
	primaryclass = {astro-ph.CO},
	slaccitation = {%%CITATION = ARXIV:1104.1300;%%},
	title = {{Is the Universe homogeneous?}},
	volume = {A369},
	year = {2011},
	Bdsk-Url-1 = {http://dx.doi.org/10.1098/rsta.2011.0289}}

@article{1105.0909,
	archiveprefix = {arXiv},
	author = {Zibin, James P. and Moss, Adam},
	doi = {10.1088/0264-9381/28/16/164005},
	eprint = {1105.0909},
	journal = {Class. Quant. Grav.},
	pages = {164005},
	primaryclass = {astro-ph.CO},
	slaccitation = {%%CITATION = ARXIV:1105.0909;%%},
	title = {{Linear kinetic Sunyaev-Zel'dovich effect and void models for acceleration}},
	volume = {28},
	year = {2011},
	Bdsk-Url-1 = {http://dx.doi.org/10.1088/0264-9381/28/16/164005}}

@article{1108.2222,
	archiveprefix = {arXiv},
	author = {Bull, Philip and Clifton, Timothy and Ferreira, Pedro G.},
	doi = {10.1103/PhysRevD.85.024002},
	eprint = {1108.2222},
	journal = {Phys. Rev.},
	pages = {024002},
	primaryclass = {astro-ph.CO},
	slaccitation = {%%CITATION = ARXIV:1108.2222;%%},
	title = {{The kSZ effect as a test of general radial inhomogeneity in LTB cosmology}},
	volume = {D85},
	year = {2012},
	Bdsk-Url-1 = {http://dx.doi.org/10.1103/PhysRevD.85.024002}}

@article{1008.0469,
	archiveprefix = {arXiv},
	author = {Yoo, Chul-Moon and Nakao, Ken-ichi and Sasaki, Misao},
	doi = {10.1088/1475-7516/2010/10/011},
	eprint = {1008.0469},
	journal = {JCAP},
	pages = {011},
	primaryclass = {astro-ph.CO},
	reportnumber = {YITP-10-67, APCTP-PRE2010-005, OCU-PHYS-336, AP-GR-81},
	slaccitation = {%%CITATION = ARXIV:1008.0469;%%},
	title = {{CMB observations in LTB universes: Part II -- the kSZ effect in an LTB universe}},
	volume = {1010},
	year = {2010},
	Bdsk-Url-1 = {http://dx.doi.org/10.1088/1475-7516/2010/10/011}}

@article{Zhang:2015uta,
	archiveprefix = {arXiv},
	author = {Zhang, Pengjie and Johnson, Matthew C.},
	doi = {10.1088/1475-7516/2015/06/046},
	eprint = {1501.00511},
	journal = {JCAP},
	number = {06},
	pages = {046},
	primaryclass = {astro-ph.CO},
	slaccitation = {%%CITATION = ARXIV:1501.00511;%%},
	title = {{Testing eternal inflation with the kinetic Sunyaev Zel'dovich effect}},
	volume = {1506},
	year = {2015},
	Bdsk-Url-1 = {http://dx.doi.org/10.1088/1475-7516/2015/06/046}}

@article{1610.06919,
	archiveprefix = {arXiv},
	author = {Terrana, Alexandra and Harris, Mary-Jean and Johnson, Matthew C.},
	doi = {10.1088/1475-7516/2017/02/040},
	eprint = {1610.06919},
	journal = {JCAP},
	number = {02},
	pages = {040},
	primaryclass = {astro-ph.CO},
	slaccitation = {%%CITATION = ARXIV:1610.06919;%%},
	title = {{Analyzing the cosmic variance limit of remote dipole measurements of the cosmic microwave background using the large-scale kinetic Sunyaev Zel'dovich effect}},
	volume = {1702},
	year = {2017},
	Bdsk-Url-1 = {http://dx.doi.org/10.1088/1475-7516/2017/02/040}}

@article{Ho:2009iw,
	archiveprefix = {arXiv},
	author = {Ho, Shirley and Dedeo, Simon and Spergel, David},
	eprint = {0903.2845},
	primaryclass = {astro-ph.CO},
	slaccitation = {%%CITATION = ARXIV:0903.2845;%%},
	title = {{Finding the Missing Baryons Using CMB as a Backlight}},
	year = {2009}}

@article{1004.0990,
	archiveprefix = {arXiv},
	author = {Zhang, Pengjie},
	doi = {10.1111/j.1745-3933.2010.00899.x},
	eprint = {1004.0990},
	journal = {Mon. Not. Roy. Astron. Soc.},
	pages = {L36},
	primaryclass = {astro-ph.CO},
	slaccitation = {%%CITATION = ARXIV:1004.0990;%%},
	title = {{The dark flow induced small scale kinetic Sunyaev Zel'dovich effect}},
	volume = {407},
	year = {2010},
	Bdsk-Url-1 = {http://dx.doi.org/10.1111/j.1745-3933.2010.00899.x}}

@article{1004.1301,
	archiveprefix = {arXiv},
	author = {Shao, Jiawei and Zhang, Pengjie and Lin, Weipeng and Jing, Yipeng and Pan, Jun},
	doi = {10.1111/j.1365-2966.2011.18166.x},
	eprint = {1004.1301},
	journal = {Mon. Not. Roy. Astron. Soc.},
	pages = {628-642},
	primaryclass = {astro-ph.CO},
	slaccitation = {%%CITATION = ARXIV:1004.1301;%%},
	title = {{The kinetic SZ tomography with spectroscopic redshift surveys}},
	volume = {413},
	year = {2011},
	Bdsk-Url-1 = {http://dx.doi.org/10.1111/j.1365-2966.2011.18166.x}}

@article{astro-ph/0301031,
	archiveprefix = {arXiv},
	author = {Okamoto, Takemi and Hu, Wayne},
	doi = {10.1103/PhysRevD.67.083002},
	eprint = {astro-ph/0301031},
	journal = {Phys. Rev.},
	pages = {083002},
	primaryclass = {astro-ph},
	slaccitation = {%%CITATION = ASTRO-PH/0301031;%%},
	title = {{CMB lensing reconstruction on the full sky}},
	volume = {D67},
	year = {2003},
	Bdsk-Url-1 = {http://dx.doi.org/10.1103/PhysRevD.67.083002}}

@article{0812.1566,
	archiveprefix = {arXiv},
	author = {Dvorkin, Cora and Smith, Kendrick M.},
	doi = {10.1103/PhysRevD.79.043003},
	eprint = {0812.1566},
	journal = {Phys. Rev.},
	pages = {043003},
	primaryclass = {astro-ph},
	slaccitation = {%%CITATION = ARXIV:0812.1566;%%},
	title = {{Reconstructing Patchy Reionization from the Cosmic Microwave Background}},
	volume = {D79},
	year = {2009},
	Bdsk-Url-1 = {http://dx.doi.org/10.1103/PhysRevD.79.043003}}

@article{0912.0201,
	archiveprefix = {arXiv},
	author = {Abell, Paul A. and others},
	collaboration = {LSST Science, LSST Project},
	eprint = {0912.0201},
	primaryclass = {astro-ph.IM},
	reportnumber = {FERMILAB-TM-2495-A, SLAC-R-1031},
	slaccitation = {%%CITATION = ARXIV:0912.0201;%%},
	title = {{LSST Science Book, Version 2.0}},
	year = {2009}}

@article{1506.03737,
	archiveprefix = {arXiv},
	author = {Howlett, Cullan and Manera, Marc and Percival, Will J.},
	doi = {10.1016/j.ascom.2015.07.003},
	eprint = {1506.03737},
	journal = {Astron. Comput.},
	pages = {109-126},
	primaryclass = {astro-ph.CO},
	slaccitation = {%%CITATION = ARXIV:1506.03737;%%},
	title = {{L-PICOLA: A parallel code for fast dark matter simulation}},
	volume = {12},
	year = {2015},
	Bdsk-Url-1 = {http://dx.doi.org/10.1016/j.ascom.2015.07.003}}

@article{1108.5512,
	archiveprefix = {arXiv},
	author = {Scoccimarro, Roman and Hui, Lam and Manera, Marc and Chan, Kwan Chuen},
	doi = {10.1103/PhysRevD.85.083002},
	eprint = {1108.5512},
	journal = {Phys. Rev.},
	pages = {083002},
	primaryclass = {astro-ph.CO},
	slaccitation = {%%CITATION = ARXIV:1108.5512;%%},
	title = {{Large-scale Bias and Efficient Generation of Initial Conditions for Non-Local Primordial Non-Gaussianity}},
	volume = {D85},
	year = {2012},
	Bdsk-Url-1 = {http://dx.doi.org/10.1103/PhysRevD.85.083002}}

@article{1301.0322,
	archiveprefix = {arXiv},
	author = {Tassev, Svetlin and Zaldarriaga, Matias and Eisenstein, Daniel},
	doi = {10.1088/1475-7516/2013/06/036},
	eprint = {1301.0322},
	journal = {JCAP},
	pages = {036},
	primaryclass = {astro-ph.CO},
	slaccitation = {%%CITATION = ARXIV:1301.0322;%%},
	title = {{Solving Large Scale Structure in Ten Easy Steps with COLA}},
	volume = {1306},
	year = {2013},
	Bdsk-Url-1 = {http://dx.doi.org/10.1088/1475-7516/2013/06/036}}

@article{astro-ph/9512131,
	archiveprefix = {arXiv},
	author = {Tormen, Giuseppe and Bertschinger, Edmund},
	doi = {10.1086/178037},
	eprint = {astro-ph/9512131},
	journal = {Astrophys. J.},
	pages = {14},
	primaryclass = {astro-ph},
	slaccitation = {%%CITATION = ASTRO-PH/9512131;%%},
	title = {{Adding long wavelength modes to an n-body simulation}},
	volume = {472},
	year = {1996},
	Bdsk-Url-1 = {http://dx.doi.org/10.1086/178037}}

@article{astro-ph/9604046,
	archiveprefix = {arXiv},
	author = {Cole, Shaun},
	doi = {10.1093/mnras/286.1.38},
	eprint = {astro-ph/9604046},
	journal = {Mon. Not. Roy. Astron. Soc.},
	pages = {38},
	primaryclass = {astro-ph},
	slaccitation = {%%CITATION = ASTRO-PH/9604046;%%},
	title = {{Adding long-wavelength power to n-body simulations}},
	volume = {286},
	year = {1997},
	Bdsk-Url-1 = {http://dx.doi.org/10.1093/mnras/286.1.38}}

@article{astro-ph/0103301,
	archiveprefix = {arXiv},
	author = {Bertschinger, Edmund},
	doi = {10.1086/322526},
	eprint = {astro-ph/0103301},
	journal = {Astrophys. J. Suppl.},
	pages = {1},
	primaryclass = {astro-ph},
	slaccitation = {%%CITATION = ASTRO-PH/0103301;%%},
	title = {{Multiscale Gaussian random fields for cosmological simulations}},
	volume = {137},
	year = {2001},
	Bdsk-Url-1 = {http://dx.doi.org/10.1086/322526}}

@article{1801.05745,
	archiveprefix = {arXiv},
	author = {Sgier, Raphael and R{\'e}fr{\'e}gier, Alexandre and Amara, Adam and Nicola, Andrina},
	eprint = {1801.05745},
	primaryclass = {astro-ph.CO},
	slaccitation = {%%CITATION = ARXIV:1801.05745;%%},
	title = {{Fast Generation of Covariance Matrices for Weak Lensing}},
	year = {2018}}

@article{0807.3651,
	archiveprefix = {arXiv},
	author = {Teyssier, Romain and Pires, Sandrine and Prunet, Simon and Aubert, Dominique and Pichon, Christophe and Amara, Adam and Benabed, Karim and Colombi, Stephane and Refregier, Alexandre and Starck, Jean-Luc},
	doi = {10.1051/0004-6361/200810657},
	eprint = {0807.3651},
	journal = {Astron. Astrophys.},
	pages = {335},
	primaryclass = {astro-ph},
	slaccitation = {%%CITATION = ARXIV:0807.3651;%%},
	title = {{Full-Sky Weak Lensing Simulation with 70 Billion Particles}},
	volume = {497},
	year = {2009},
	Bdsk-Url-1 = {http://dx.doi.org/10.1051/0004-6361/200810657}}

@article{1011.1476,
	archiveprefix = {arXiv},
	author = {Kiessling, A. and Heavens, A. F. and Taylor, A. N.},
	doi = {10.1111/j.1365-2966.2011.18540.x},
	eprint = {1011.1476},
	journal = {Mon. Not. Roy. Astron. Soc.},
	pages = {2235},
	primaryclass = {astro-ph.CO},
	slaccitation = {%%CITATION = ARXIV:1011.1476;%%},
	title = {{SUNGLASS: A new weak lensing simulation pipeline}},
	volume = {414},
	year = {2011},
	Bdsk-Url-1 = {http://dx.doi.org/10.1111/j.1365-2966.2011.18540.x}}

@article{1511.02843,
	archiveprefix = {arXiv},
	author = {Flender, Samuel and Bleem, Lindsey and Finkel, Hal and Habib, Salman and Heitmann, Katrin and Holder, Gilbert},
	doi = {10.3847/0004-637X/823/2/98},
	eprint = {1511.02843},
	journal = {Astrophys. J.},
	number = {2},
	pages = {98},
	primaryclass = {astro-ph.CO},
	slaccitation = {%%CITATION = ARXIV:1511.02843;%%},
	title = {{Simulations of the Pairwise Kinematic Sunyaev--Zel'dovich Signal}},
	volume = {823},
	year = {2016},
	Bdsk-Url-1 = {http://dx.doi.org/10.3847/0004-637X/823/2/98}}

@article{1312.1022,
	archiveprefix = {arXiv},
	author = {Koda, Jun and Blake, Chris and Davis, Tamara and Magoulas, Christina and Springob, Christopher M. and Scrimgeour, Morag and Johnson, Andrew and Poole, Gregory B. and Staveley-Smith, Lister},
	doi = {10.1093/mnras/stu1610},
	eprint = {1312.1022},
	journal = {Mon. Not. Roy. Astron. Soc.},
	number = {4},
	pages = {4267-4286},
	primaryclass = {astro-ph.CO},
	slaccitation = {%%CITATION = ARXIV:1312.1022;%%},
	title = {{Are peculiar velocity surveys competitive as a cosmological probe?}},
	volume = {445},
	year = {2014},
	Bdsk-Url-1 = {http://dx.doi.org/10.1093/mnras/stu1610}}

@article{1101.3555,
	archiveprefix = {arXiv},
	author = {Chisari, Nora Elisa and Zaldarriaga, Matias},
	doi = {10.1103/PhysRevD.84.089901, 10.1103/PhysRevD.83.123505},
	eprint = {1101.3555},
	journal = {Phys. Rev.},
	note = {[Erratum: Phys. Rev.D84,089901(2011)]},
	pages = {123505},
	primaryclass = {astro-ph.CO},
	slaccitation = {%%CITATION = ARXIV:1101.3555;%%},
	title = {{Connection between Newtonian simulations and general relativity}},
	volume = {D83},
	year = {2011},
	Bdsk-Url-1 = {http://dx.doi.org/10.1103/PhysRevD.84.089901,%2010.1103/PhysRevD.83.123505}}

@article{1606.05588,
	archiveprefix = {arXiv},
	author = {Fidler, Christian and Tram, Thomas and Rampf, Cornelius and Crittenden, Robert and Koyama, Kazuya and Wands, David},
	doi = {10.1088/1475-7516/2016/09/031},
	eprint = {1606.05588},
	journal = {JCAP},
	number = {09},
	pages = {031},
	primaryclass = {astro-ph.CO},
	slaccitation = {%%CITATION = ARXIV:1606.05588;%%},
	title = {{Relativistic Interpretation of Newtonian Simulations for Cosmic Structure Formation}},
	volume = {1609},
	year = {2016},
	Bdsk-Url-1 = {http://dx.doi.org/10.1088/1475-7516/2016/09/031}}

@article{1711.06681,
	archiveprefix = {arXiv},
	author = {East, William E. and Wojtak, Rados{\l}aw and Abel, Tom},
	doi = {10.1103/PhysRevD.97.043509},
	eprint = {1711.06681},
	journal = {Phys. Rev.},
	number = {4},
	pages = {043509},
	primaryclass = {astro-ph.CO},
	slaccitation = {%%CITATION = ARXIV:1711.06681;%%},
	title = {{Comparing Fully General Relativistic and Newtonian Calculations of Structure Formation}},
	volume = {D97},
	year = {2018},
	Bdsk-Url-1 = {http://dx.doi.org/10.1103/PhysRevD.97.043509}}

@article{1605.01392,
	archiveprefix = {arXiv},
	author = {B{\"o}hm, Vanessa and Schmittfull, Marcel and Sherwin, Blake D.},
	doi = {10.1103/PhysRevD.94.043519},
	eprint = {1605.01392},
	journal = {Phys. Rev.},
	number = {4},
	pages = {043519},
	primaryclass = {astro-ph.CO},
	slaccitation = {%%CITATION = ARXIV:1605.01392;%%},
	title = {{Bias to CMB lensing measurements from the bispectrum of large-scale structure}},
	volume = {D94},
	year = {2016},
	Bdsk-Url-1 = {http://dx.doi.org/10.1103/PhysRevD.94.043519}}

@article{Weak_lensing,
	archiveprefix = {arXiv},
	author = {Lewis, Antony and Challinor, Anthony},
	doi = {10.1016/j.physrep.2006.03.002},
	eprint = {astro-ph/0601594},
	journal = {Phys. Rept.},
	pages = {1-65},
	primaryclass = {astro-ph},
	slaccitation = {%%CITATION = ASTRO-PH/0601594;%%},
	title = {{Weak gravitational lensing of the cmb}},
	volume = {429},
	year = {2006},
	Bdsk-Url-1 = {http://dx.doi.org/10.1016/j.physrep.2006.03.002}}

@article{1710.02792,
	archiveprefix = {arXiv},
	author = {Park, Hyunbae and Alvarez, Marcelo A. and Bond, J. Richard},
	doi = {10.3847/1538-4357/aaa0da},
	eprint = {1710.02792},
	journal = {Astrophys. J.},
	number = {2},
	pages = {121},
	primaryclass = {astro-ph.CO},
	slaccitation = {%%CITATION = ARXIV:1710.02792;%%},
	title = {{The Impact of Baryonic Physics on the Kinetic Sunyaev--Zel'dovich Effect}},
	volume = {853},
	year = {2018},
	Bdsk-Url-1 = {http://dx.doi.org/10.3847/1538-4357/aaa0da}}

@article{PhysRevD.72.103002,
	author = {Gordon, Christopher and Hu, Wayne and Huterer, Dragan and Crawford, Tom},
	doi = {10.1103/PhysRevD.72.103002},
	eprint = {0509301},
	issue = {10},
	journal = {Phys. Rev. D},
	month = {Nov},
	numpages = {13},
	pages = {103002},
	primaryclass = {astro-ph.CO},
	publisher = {American Physical Society},
	slaccitation = {%%CITATION = ASTRO-PH/0509301;%%},
	title = {Spontaneous isotropy breaking: A mechanism for CMB multipole alignments},
	volume = {72},
	year = {2005},
	Bdsk-Url-1 = {https://dx.doi.org/10.1103/PhysRevD.72.103002}}

@article{PhysRevD.77.063008,
	author = {Dvorkin, Cora and Peiris, Hiranya V. and Hu, Wayne},
	doi = {10.1103/PhysRevD.77.063008},
	eprint = {0711.2321v2},
	issue = {6},
	journal = {Phys. Rev. D},
	month = {Mar},
	numpages = {17},
	pages = {063008},
	primaryclass = {astro-ph.CO},
	publisher = {American Physical Society},
	slaccitation = {%%CITATION = ASTRO-PH/0711.2321v2 ;%%},
	title = {Testable polarization predictions for models of CMB isotropy anomalies},
	volume = {77},
	year = {2008},
	Bdsk-Url-1 = {https://dx.doi.org/10.1103/PhysRevD.77.063008}}

@article{Planck2015_isotropy,
	author = {{Planck Collaboration}},
	doi = {10.1051/0004-6361/201526681},
	eprint = {1506.07135v2},
	journal = {A\&A},
	pages = {A16},
	primaryclass = {astro-ph.CO},
	slaccitation = {%%CITATION = ASTRO-PH/1506.07135v2 ;%%},
	title = {Planck 2015 results - XVI. Isotropy and statistics of the CMB},
	volume = 594,
	year = 2016,
	Bdsk-Url-1 = {https://dx.doi.org/10.1051/0004-6361/201526681}}

@article{Hirata_2009,
	author = {Christopher M Hirata},
	doi = {10.1088/1475-7516/2009/09/011},
	eprint = {0907.0703v2},
	journal = {Journal of Cosmology and Astroparticle Physics},
	month = {sep},
	number = {09},
	pages = {011--011},
	primaryclass = {astro-ph.CO},
	publisher = {{IOP} Publishing},
	slaccitation = {%%CITATION = ASTRO-PH/0907.0703v2 ;%%},
	title = {Constraints on cosmic hemispherical power anomalies from quasars},
	volume = {2009},
	year = 2009,
	Bdsk-Url-1 = {https://doi.org/10.1088%2F1475-7516%2F2009%2F09%2F011}}

@article{Zhan_2006,
	author = {Hu Zhan and Lloyd Knox and J. Anthony Tyson and Vera Margoniner},
	doi = {10.1086/500077},
	eprint = {0508119v2},
	journal = {The Astrophysical Journal},
	month = {mar},
	number = {1},
	pages = {8--17},
	primaryclass = {astro-ph.CO},
	publisher = {{IOP} Publishing},
	slaccitation = {%%CITATION = ASTRO-PH/0508119v2 ;%%},
	title = {Exploring Large-Scale Structure with Billions of Galaxies},
	volume = {640},
	year = 2006,
	Bdsk-Url-1 = {https://doi.org/10.1086%2F500077}}

@article{Hearin_2011,
	author = {Andrew P Hearin and Cameron Gibelyou and Andrew R Zentner},
	doi = {10.1088/1475-7516/2011/10/012},
	eprint = {1108.2269v3},
	journal = {Journal of Cosmology and Astroparticle Physics},
	month = {oct},
	number = {10},
	pages = {012--012},
	primaryclass = {astro-ph.CO},
	publisher = {{IOP} Publishing},
	slaccitation = {%%CITATION = ASTRO-PH/1108.2269v3 ;%%},
	title = {Testing the origin of the {CMB} large-angle correlation deficit with a galaxy imaging survey},
	volume = {2011},
	year = 2011,
	Bdsk-Url-1 = {https://doi.org/10.1088%2F1475-7516%2F2011%2F10%2F012}}

@article{Planck_inflation_2015,
	author = {Planck Collaboration},
	doi = {10.1051/0004-6361/201525898},
	eprint = {1502.02114v2},
	journal = {A\&A},
	pages = {A20},
	primaryclass = {astro-ph.CO},
	slaccitation = {%%CITATION = ASTRO-PH/1502.02114v2 ;%%},
	title = {Planck 2015 results - XX. Constraints on inflation},
	volume = 594,
	year = 2016,
	Bdsk-Url-1 = {https://doi.org/10.1051/0004-6361/201525898}}

@article{Deutsch_2018,
	author = {Anne-Sylvie Deutsch and Matthew C. Johnson and Moritz M{\"u}nchmeyer and Alexandra Terrana},
	doi = {10.1088/1475-7516/2018/04/034},
	eprint = {1705.08907v3},
	journal = {Journal of Cosmology and Astroparticle Physics},
	month = {apr},
	number = {04},
	pages = {034--034},
	primaryclass = {astro-ph.CO},
	publisher = {{IOP} Publishing},
	slaccitation = {%%CITATION = ASTRO-PH/1705.08907v3 ;%%},
	title = {Polarized Sunyaev Zel'dovich tomography},
	volume = {2018},
	year = 2018,
	Bdsk-Url-1 = {https://doi.org/10.1088%2F1475-7516%2F2018%2F04%2F034}}

@article{Contaldi_2003,
	author = {Carlo R Contaldi and Marco Peloso and Lev Kofman and Andrei Linde},
	doi = {10.1088/1475-7516/2003/07/002},
	eprint = {0303636v2},
	journal = {Journal of Cosmology and Astroparticle Physics},
	month = {jul},
	number = {07},
	pages = {002--002},
	primaryclass = {astro-ph.CO},
	publisher = {{IOP} Publishing},
	slaccitation = {%%CITATION = ASTRO-PH/0303636v2 ;%%},
	title = {Suppressing the lower multipoles in the {CMB} anisotropies},
	volume = {2003},
	year = 2003,
	Bdsk-Url-1 = {https://doi.org/10.1088%2F1475-7516%2F2003%2F07%2F002}}

@article{PhysRevD.89.083529,
	author = {Miranda, Vin\'{\i}cius and Hu, Wayne},
	doi = {10.1103/PhysRevD.89.083529},
	eprint = {1312.0946v1},
	issue = {8},
	journal = {Phys. Rev. D},
	month = {Apr},
	numpages = {17},
	pages = {083529},
	primaryclass = {astro-ph.CO},
	publisher = {American Physical Society},
	slaccitation = {%%CITATION = ASTRO-PH/1312.0946v1 ;%%},
	title = {Inflationary steps in the Planck data},
	volume = {89},
	year = {2014},
	Bdsk-Url-1 = {https://link.aps.org/doi/10.1103/PhysRevD.89.083529}}

@article{PhysRevD.78.123529,
	author = {Zibin, J. P. and Scott, Douglas},
	doi = {10.1103/PhysRevD.78.123529},
	issue = {12},
	journal = {Phys. Rev. D},
	month = {Dec},
	numpages = {17},
	pages = {123529},
	publisher = {American Physical Society},
	title = {Gauging the cosmic microwave background},
	url = {https://link.aps.org/doi/10.1103/PhysRevD.78.123529},
	volume = {78},
	year = {2008},
	Bdsk-Url-1 = {https://link.aps.org/doi/10.1103/PhysRevD.78.123529},
	Bdsk-Url-2 = {http://dx.doi.org/10.1103/PhysRevD.78.123529}}

@article{Mnras/stw1039,
	author = {Kashyap, Gopal and Jain, Pankaj and Rath, Pranati K. and Kothari, Rahul and Ghosh, Shamik},
	doi = {10.1093/mnras/stw1039},
	issn = {0035-8711},
	journal = {Monthly Notices of the Royal Astronomical Society},
	month = {05},
	number = {2},
	pages = {1577-1587},
	title = {{Imprint of inhomogeneous and anisotropic primordial power spectrum on CMB polarization}},
	url = {https://doi.org/10.1093/mnras/stw1039},
	volume = {460},
	year = {2016},
	Bdsk-Url-1 = {https://doi.org/10.1093/mnras/stw1039},
	Bdsk-Url-2 = {http://dx.doi.org/10.1093/mnras/stw1039}}

@article{Yasini:2017jqg,
	archiveprefix = {arXiv},
	author = {Yasini, Siavash and Pierpaoli, Elena},
	doi = {10.1103/PhysRevD.96.103502},
	eprint = {1709.08298},
	journal = {Phys. Rev.},
	number = {10},
	pages = {103502},
	primaryclass = {astro-ph.CO},
	slaccitation = {%%CITATION = ARXIV:1709.08298;%%},
	title = {{Generalized Doppler and aberration kernel for frequency-dependent cosmological observables}},
	volume = {D96},
	year = {2017},
	Bdsk-Url-1 = {http://dx.doi.org/10.1103/PhysRevD.96.103502}}

@article{Seto:2005de,
	archiveprefix = {arXiv},
	author = {Seto, Naoki and Pierpaoli, Elena},
	doi = {10.1103/PhysRevLett.95.101302},
	eprint = {astro-ph/0502564},
	journal = {Phys. Rev. Lett.},
	pages = {101302},
	primaryclass = {astro-ph},
	slaccitation = {%%CITATION = ASTRO-PH/0502564;%%},
	title = {{Probing the largest scale structure in the Universe with polarization map of galaxy clusters}},
	volume = {95},
	year = {2005},
	Bdsk-Url-1 = {http://dx.doi.org/10.1103/PhysRevLett.95.101302}}

@article{PhysRevD.94.043503,
	author = {Muir, Jessica and Huterer, Dragan},
	doi = {10.1103/PhysRevD.94.043503},
	issue = {4},
	journal = {Phys. Rev. D},
	month = {Aug},
	numpages = {20},
	pages = {043503},
	publisher = {American Physical Society},
	title = {Reconstructing the integrated Sachs-Wolfe map with galaxy surveys},
	url = {https://link.aps.org/doi/10.1103/PhysRevD.94.043503},
	volume = {94},
	year = {2016},
	Bdsk-Url-1 = {https://link.aps.org/doi/10.1103/PhysRevD.94.043503},
	Bdsk-Url-2 = {http://dx.doi.org/10.1103/PhysRevD.94.043503}}

@article{PhysRevD.97.043515,
	author = {Weaverdyck, Noah and Muir, Jessica and Huterer, Dragan},
	doi = {10.1103/PhysRevD.97.043515},
	issue = {4},
	journal = {Phys. Rev. D},
	month = {Feb},
	numpages = {18},
	pages = {043515},
	publisher = {American Physical Society},
	title = {Integrated Sachs-Wolfe map reconstruction in the presence of systematic errors},
	url = {https://link.aps.org/doi/10.1103/PhysRevD.97.043515},
	volume = {97},
	year = {2018},
	Bdsk-Url-1 = {https://link.aps.org/doi/10.1103/PhysRevD.97.043515},
	Bdsk-Url-2 = {http://dx.doi.org/10.1103/PhysRevD.97.043515}}

@article{Contreras_2019,
	abstract = {High-resolution, low-noise observations of the cosmic   microwave background (CMB) planned for the near-future will enable   new cosmological probes based on re-scattered CMB photons---the   secondary CMB . At the same time, enormous galaxy surveys will map   out huge volumes of the observable Universe. Using the technique of   kinetic Sunyaev Zel'dovich (kSZ) tomography these new probes can be   combined to reconstruct the remote dipole field, the CMB dipole as   observed from different vantage points in our Universe. The volume   accessible to future galaxy surveys is large enough that general   relativistic corrections to the observed distribution of galaxies   must be taken into account. These corrections are interesting probes   of gravity in their own right, but can also obscure potential   signatures of primordial non-Gaussianity.  In this paper, we   demonstrate that correlations between the reconstructed remote   dipole field and the observed galaxy number counts can in principle   be used to detect general relativistic corrections. We show that   neglecting general relativistic corrections leads to an   𝒪(1) bias on the inferred amplitude of primordial   non-Gaussianity, fNL.  In addition, we demonstrate that the   reconstructed remote dipole field can provide useful constraining   power on various bias parameters appearing in the galaxy number   counts, and can significantly mitigate the effects of alignment   bias.},
	author = {Dagoberto Contreras and Matthew C. Johnson and James B. Mertens},
	doi = {10.1088/1475-7516/2019/10/024},
	journal = {Journal of Cosmology and Astroparticle Physics},
	month = {oct},
	number = {10},
	pages = {024--024},
	publisher = {{IOP} Publishing},
	title = {Towards detection of relativistic effects in galaxy number counts using {kSZ} tomography},
	url = {https://doi.org/10.1088%2F1475-7516%2F2019%2F10%2F024},
	volume = {2019},
	year = 2019,
	Bdsk-Url-1 = {https://doi.org/10.1088%2F1475-7516%2F2019%2F10%2F024},
	Bdsk-Url-2 = {http://dx.doi.org/10.1088/1475-7516/2019/10/024}}

@article{upcoming:hotinli,
	author = {Hotinli, Selim~C. and others},
	title = {{Upcoming}}}

@article{Linder:2005in,
	adsnote = {Provided by the SAO/NASA Astrophysics Data System},
	adsurl = {https://ui.adsabs.harvard.edu/abs/2005PhRvD..72d3529L},
	archiveprefix = {arXiv},
	author = {{Linder}, Eric V.},
	doi = {10.1103/PhysRevD.72.043529},
	eid = {043529},
	eprint = {astro-ph/0507263},
	journal = {\prd},
	keywords = {98.80.-k, Cosmology, Astrophysics, General Relativity and Quantum Cosmology},
	month = {August},
	number = {4},
	pages = {043529},
	primaryclass = {astro-ph},
	title = {{Cosmic growth history and expansion history}},
	volume = {72},
	year = {2005},
	Bdsk-Url-1 = {https://doi.org/10.1103/PhysRevD.72.043529}}

@article{Linder:2007hg,
	adsnote = {Provided by the SAO/NASA Astrophysics Data System},
	adsurl = {https://ui.adsabs.harvard.edu/abs/2007APh....28..481L},
	archiveprefix = {arXiv},
	author = {{Linder}, Eric V. and {Cahn}, Robert N.},
	doi = {10.1016/j.astropartphys.2007.09.003},
	eprint = {astro-ph/0701317},
	journal = {Astroparticle Physics},
	keywords = {Cosmology, Dark energy, Astrophysics, General Relativity and Quantum Cosmology},
	month = {December},
	number = {4-5},
	pages = {481-488},
	primaryclass = {astro-ph},
	title = {{Parameterized beyond-Einstein growth}},
	volume = {28},
	year = {2007},
	Bdsk-Url-1 = {https://doi.org/10.1016/j.astropartphys.2007.09.003}}

@article{Liu:2019ygl,
	archiveprefix = {arXiv},
	author = {Liu, Xue-Wen and Heneka, Caroline and Amendola, Luca},
	eprint = {1910.02763},
	month = {10},
	primaryclass = {astro-ph.CO},
	title = {{Constraining coupled quintessence with the 21cm signal}},
	year = {2019}}

@article{Lorenz:2017iez,
	archiveprefix = {arXiv},
	author = {Lorenz, Christiane S. and Alonso, David and Ferreira, Pedro G.},
	doi = {10.1103/PhysRevD.97.023537},
	eprint = {1710.02477},
	journal = {Phys. Rev.},
	number = {2},
	pages = {023537},
	primaryclass = {astro-ph.CO},
	slaccitation = {%%CITATION = ARXIV:1710.02477;%%},
	title = {{Impact of relativistic effects on cosmological parameter estimation}},
	volume = {D97},
	year = {2018},
	Bdsk-Url-1 = {https://doi.org/10.1103/PhysRevD.97.023537}}

@article{1983ApJ...274..443B,
	adsnote = {Provided by the SAO/NASA Astrophysics Data System},
	adsurl = {https://ui.adsabs.harvard.edu/abs/1983ApJ...274..443B},
	author = {{Bond}, J.~R. and {Szalay}, A.~S.},
	doi = {10.1086/161460},
	journal = {\apj},
	keywords = {Cosmology, Elementary Particles, Mass Distribution, Particle Theory, Relativistic Theory, Universe, Damping, Evolution (Development), Neutrinos, Perturbation Theory, Astrophysics},
	month = {November},
	pages = {443-468},
	title = {{The collisionless damping of density fluctuations in an expanding universe}},
	volume = {274},
	year = {1983},
	Bdsk-Url-1 = {https://doi.org/10.1086/161460}}

@article{Yasini:2018rrl,
	adsnote = {Provided by the SAO/NASA Astrophysics Data System},
	adsurl = {https://ui.adsabs.harvard.edu/abs/2019ApJ...873L..23Y},
	archiveprefix = {arXiv},
	author = {{Yasini}, Siavash and {Mirzatuny}, Nareg and {Pierpaoli}, Elena},
	doi = {10.3847/2041-8213/ab0bfe},
	eid = {L23},
	eprint = {1812.04241},
	journal = {\apjl},
	keywords = {cosmic background radiation, cosmology: theory, galaxies: clusters: general, gravitational lensing: weak, large-scale structure of universe, Astrophysics - Cosmology and Nongalactic Astrophysics, Astrophysics - Astrophysics of Galaxies, Astrophysics - Instrumentation and Methods for Astrophysics},
	month = {March},
	number = {2},
	pages = {L23},
	primaryclass = {astro-ph.CO},
	title = {{Pairwise Transverse Velocity Measurement with the Rees-Sciama Effect}},
	volume = {873},
	year = {2019},
	Bdsk-Url-1 = {https://doi.org/10.3847/2041-8213/ab0bfe}}

@article{Hotinli:2020ntd,
	adsnote = {Provided by the SAO/NASA Astrophysics Data System},
	adsurl = {https://ui.adsabs.harvard.edu/abs/2021PhRvD.103d3536H},
	archiveprefix = {arXiv},
	author = {{Hotinli}, Selim C. and {Johnson}, Matthew C. and {Meyers}, Joel},
	doi = {10.1103/PhysRevD.103.043536},
	eid = {043536},
	eprint = {2006.03060},
	journal = {\prd},
	keywords = {Astrophysics - Cosmology and Nongalactic Astrophysics},
	month = {February},
	number = {4},
	pages = {043536},
	primaryclass = {astro-ph.CO},
	title = {{Optimal filters for the moving lens effect}},
	volume = {103},
	year = {2021},
	Bdsk-Url-1 = {https://doi.org/10.1103/PhysRevD.103.043536}}
